3099 5241
567 438 667 493 LX
1377 438 1472 495 DE
1527 438 1831 493 LUOIANI

565 618 703 701 ipse
747 619 971 682 merito
1028 616 1276 682 diffisus
1319 616 1381 681 N
1383 616 1852 698 ecyomantian,
1911 619 2128 679 utrum
2184 612 2511 679 Lucianea
2568 615 2653 679 sit

565 741 788 804 necne,
842 722 921 786 ad
981 726 1338 786 extremum
1392 722 1463 784 in
1520 720 1730 784 medio
1774 720 2054 803 reliquit.
2144 718 2492 783 Enimvero
2538 718 2651 784 So-

564 827 777 909 lanuS,
820 826 1226 891 Wielandius
1286 831 1349 889 et
1405 824 1820 889 Lehmannus
1877 825 2044 887 hanc
2100 830 2383 888 saturam
2424 824 2495 903 in
2541 843 2651 907 po-

565 936 771 996 tentes
832 931 1192 1015 divitesque
1259 930 1663 1013 potissimum
1732 930 2033 1012 scriptam
2099 947 2238 992 esse
2303 946 2515 1012 usque
2575 947 2649 992 eo

565 1035 746 1099 obliti
813 1040 998 1120 sunt,
1075 1040 1150 1098 ut
1228 1035 1587 1118 potentium
1659 1034 2078 1097 insectatione
2146 1033 2220 1112 (c.
2282 1033 2385 1113 17)
2456 1032 2650 1097 offen-

569 1141 873 1204 derentur
915 1144 979 1203 et
1022 1139 1394 1223 Philippum
1452 1157 1487 1202 e
1531 1157 1681 1221 rege
1728 1142 2006 1201 sutorem
2051 1138 2647 1201 veteramentarium

564 1244 836 1328 indigne
902 1243 1154 1308 ferrent.
1269 1240 1524 1318 Quanto
1590 1242 1823 1306 melius
1888 1240 2420 1305 Hemsterhusius
2479 1241 2651 1324 judi-

566 1350 735 1412 cavit
793 1367 860 1413 se
917 1353 1312 1433 compertum
1369 1367 1502 1411 non
1560 1345 1814 1428 habere,
1875 1366 1958 1409 an
2003 1344 2320 1433 Philippo⁴
2346 1349 2478 1409 tam
2527 1346 2651 1408 vile

564 1452 890 1537 opificium
966 1462 1136 1518 certa
1204 1452 1481 1537 quadam
1545 1453 1794 1515 ratione
1860 1449 2208 1532 tribuatur,
2276 1450 2650 1514 scholiastae

564 1564 780 1623 tamen
817 1560 1248 1642 conjecturam
1278 1576 1409 1620 non
1455 1558 1739 1641 ineptam
1772 1575 1911 1619 esse
1941 1574 2155 1639 neque
2187 1554 2646 1619 abhorrentem.

562 1662 883 1747 Equidem
920 1664 1055 1745 jam
1097 1663 1167 1725 in
1215 1661 1623 1725 adnotatione
1668 1661 1751 1724 ad
1794 1660 1856 1722 h.
1896 1661 1935 1723 l.
1984 1660 2437 1741 demonstravi,
2486 1678 2649 1742 quae

565 1786 619 1830 o.
670 1767 749 1830 17
798 1767 1024 1830 insunt
1069 1785 1144 1830 ea
1187 1766 1394 1849 ipsius
1439 1764 1713 1829 Luciani
1756 1766 2017 1850 ingenio
2065 1784 2204 1829 esse
2251 1764 2645 1846 dignissima.

560 1869 726 1933 Tum
753 1870 1286 1936 Hemsterhusius
1332 1870 1412 1933 ad
1458 1889 1511 1932 c.
1551 1870 1633 1933 14
1664 1868 1897 1933 Solano
1946 1870 2023 1932 de
2067 1868 2300 1951 frigore
2346 1869 2649 1932 orationis

562 1976 779 2039 nescio
842 1996 968 2059 quo
1028 1976 1320 2060 querenti
1376 1975 1611 2059 optime
1673 1992 1741 2038 se
1800 1974 2125 2058 opposuit:
2187 1973 2414 2057 frigide
2476 1974 2650 2037 enim

563 2084 675 2142 aut
716 2078 1021 2164 languide
1065 2080 1136 2142 in
1180 2079 1649 2161 Necyomantia
1692 2078 1854 2142 nihil
1901 2079 2167 2142 omnino
2219 2078 2465 2142 dictum
2511 2096 2649 2142 esse

563 2184 740 2247 scito.
855 2182 1073 2260 Quum
1147 2186 1345 2268 igitur
1409 2183 1875 2265 Necyomantia
1956 2189 2127 2247 certo
2207 2185 2288 2247 sit
2354 2181 2648 2265 Luciani,

560 2292 816 2372 tempus
878 2295 974 2354 est
1035 2309 1357 2374 quaerere,
1426 2307 1822 2372 ecquaenam
1889 2308 1991 2352 res
2057 2287 2395 2352 mirificam
2460 2288 2650 2352 istam

563 2389 1024 2458 dubitationem
1090 2395 1168 2459 de
1211 2414 1362 2459 vero
1407 2392 1911 2474 Necyomantiae
1957 2394 2262 2477 scriptore
2318 2394 2645 2477 pepererit.

560 2494 809 2579 Nempe
868 2495 1197 2563 Lucianus
1256 2499 1517 2563 omnino
1585 2503 1785 2561 semet
1839 2498 1978 2581 ipse
2037 2496 2344 2561 exscribit
2403 2517 2651 2581 suaque

560 2602 754 2666 nimis
821 2603 1041 2669 crebro
1108 2605 1337 2688 repetit
1415 2609 1478 2669 et
1544 2603 1768 2668 eadem
1835 2602 1965 2668 fere
2031 2603 2280 2687 ubique
2346 2602 2646 2666 inculcat.

562 2705 738 2782 Quae
782 2710 1072 2793 repetitio
1121 2730 1324 2793 quum
1368 2711 1437 2772 in
1482 2708 1569 2771 M.
1611 2708 1815 2773 Tullio
1850 2706 2153 2773 Cicerone
2199 2709 2281 2772 ad
2326 2707 2650 2772 scribendi

559 2831 770 2895 genus
825 2815 1167 2898 pertineat,
1241 2815 1323 2877 ad
1383 2817 1837 2899 argumentum
1895 2814 1966 2876 in
2026 2812 2097 2889 Q.
2158 2813 2386 2878 Horati
2440 2812 2645 2876 Flacci

561 2916 717 2998 odis,
760 2920 1088 3001 perpetuis
1120 2918 1511 3003 quibusdam
1544 2918 1820 3001 querelis
1868 2918 1944 2982 de
1973 2938 2190 2982 rerum
2220 2920 2653 2982 humanarum

562 3023 876 3086 vanitate:
927 3023 1149 3087 eadem
1193 3025 1262 3086 in
1309 3022 1596 3087 Luciano
1642 3022 1844 3086 multo
1889 3027 2063 3106 patet
2105 3022 2316 3087 latius».
2409 3020 2536 3098 Qui
2578 3024 2649 3085 in

562 3130 655 3189 tot
699 3129 932 3191 saturis
979 3148 1158 3191 nunc
1203 3130 1272 3190 in
1317 3128 1727 3212 philosophos
1784 3146 1963 3191 nunc
2017 3128 2088 3190 in
2132 3128 2417 3192 rhetoras
2473 3145 2653 3191 nunc

557 3231 627 3293 in
676 3230 907 3297 divites
966 3238 1389 3316 potentesque
1446 3252 1625 3296 nunc
1683 3234 1753 3295 in
1816 3231 1967 3295 deos
2011 3232 2352 3316 gentilium
2399 3233 2651 3316 scriptis

561 3334 814 3398 easdem
881 3335 1125 3420 ubique
1181 3338 1461 3402 rationes
1527 3339 1734 3419 iterat,
1802 3337 2024 3401 eodem
2098 3337 2352 3402 dicendi
2418 3357 2651 3420 genere

560 3439 798 3521 utitur,
867 3442 1122 3505 easdem
1191 3443 1626 3526 metaphoras,
1710 3443 2247 3525 comparationes,
2314 3444 2649 3525 imagineS,

557 3549 876 3627 postremo
938 3564 1126 3629 saepe
1187 3548 1377 3610 etiam
1435 3547 1654 3610 eadem
1702 3547 1896 3610 verba
1954 3547 2031 3612 de
2076 3549 2296 3612 eadem
2341 3567 2410 3612 re
2457 3548 2652 3612 semel

559 3652 622 3711 et
664 3648 895 3712 iterum
943 3670 1075 3714 non
1125 3651 1375 3715 dubitat
1418 3658 1718 3736 repetere.
1812 3651 1953 3716 Hoc
1984 3653 2143 3717 adeo
2190 3655 2418 3736 partim
2451 3653 2653 3737 negli-

559 3754 776 3835 gentia-
823 3756 1098 3838 quadam
1145 3757 1396 3838 accidit,
1464 3758 1640 3841 quod
1681 3757 2011 3822 Lucianus
2059 3778 2265 3841 quum
2324 3758 2436 3822 diu
2496 3760 2650 3822 scri-

559 3856 772 3922 bendo
804 3860 1049 3924 victum
1099 3882 1399 3946 quaerere
1438 3871 1697 3927 coactus
1744 3869 1930 3942 esset,
1975 3871 2105 3926 tam
2152 3863 2355 3927 multa
2400 3864 2654 3947 scripsit

559 3963 888 4048 ediditque
932 3974 1316 4051 (γιγριωιιαι
1351 3964 1521 4051 αιίῷ
1564 3966 1826 4048 ἄπειρα,
1879 3967 2113 4033 Suidas
2145 3988 2193 4032 S.
2236 3963 2652 4052 .2·!‹›vmm·‹'›,„›)‚

474 4119 477 4122 .
557 4069 788 4152 partim
831 4071 1077 4135 minore
1123 4071 1502 4136 eruditionis
1559 4073 2015 4157 doctrinaeque
2072 4074 2273 4158 copia,
2335 4075 2506 4159 quod
2552 4074 2654 4138 vir

560 4173 822 4238 natione
885 4173 1090 4258 Syrus
1169 4178 1451 4260 primum
1528 4177 1699 4241 vitae
1780 4178 1993 4261 potius
2072 4178 2374 4261 prodesse
2457 4199 2649 4263 quam

559 4276 762 4342 literis
826 4280 1031 4344 voluit
1096 4286 1290 4364 atque
1356 4300 1442 4345 ex
1504 4280 1639 4343 Icto
1712 4286 1775 4345 et
1856 4283 2183 4347 causidico
2252 4283 2654 4367 aliquamdiu

555 4380 786 4468 rhetor,
830 4402 865 4450 e
893 4384 1141 4449 rhetore
1183 4404 1444 4449 rursum
1489 4386 1736 4450 exstitit
1781 4389 2100 4469 satyricus
2143 4406 2358 4472 neque
2404 4406 2655 4472 semper
