3099 5241
525 391 567 447 C
1328 391 1425 449 DE
1478 392 1807 450 NUMERIS

524 1090 690 1155 Tum
733 1094 970 1176 optime
1013 1093 1389 1158 Aristoteles
1432 1093 1472 1158 l.
1521 1095 1563 1157 l.
1609 1097 1798 1159 metri
1840 1115 2050 1180 genus
2108 1115 2248 1160 esse
2302 1114 2619 1180 paeonem

526 1201 718 1281 negat
781 1216 903 1261 nec
972 1198 1330 1282 quidquam
1391 1199 1568 1263 aliud
1633 1218 1773 1264 esse
1834 1200 2118 1265 defendit
2182 1201 2311 1263 nisi
2373 1206 2618 1265 certum

530 1301 854 1383 quendam
924 1321 1291 1367 numerum.
1412 1302 1647 1368 Contra
1720 1305 1934 1369 cretici
2020 1324 2152 1368 non
2239 1324 2353 1389 pro
2444 1324 2619 1370 mero

527 1423 800 1469 numero
831 1406 944 1470 sed
987 1408 1173 1471 metri
1218 1408 1357 1471 loco
1402 1408 1681 1472 habendi
1727 1413 1897 1472 sunt.
1970 1407 2138 1473 Nam
2181 1428 2295 1493 pes
2325 1411 2619 1493 creticuS,

528 1510 647 1573 etsi
700 1510 771 1573 in
832 1509 1152 1595 dipodiam
1213 1513 1597 1577 trochaicam
1667 1513 2098 1577 catalecticam
2165 1519 2388 1597 postea
2445 1513 2620 1595 abiit,

527 1614 823 1698 primitus
897 1620 1110 1680 tamen
1185 1616 1264 1681 ab
1339 1617 1460 1681 hac
1532 1619 1674 1701 ipsa
1759 1617 2016 1701 dipodia
2105 1619 2373 1681 omnino
2457 1618 2620 1682 nihil

531 1718 875 1803 differebat,
921 1721 1035 1785 sed
1080 1722 1440 1786 trochaicus
1486 1722 1755 1786 dimeter
1800 1742 1994 1805 quam
2042 1724 2177 1787 vim
2220 1722 2442 1787 habet:

1151 1854 1979 1894 ss-v—stvs-v-Lv

530 1947 790 2012 prorsus
836 1931 1106 1996 eandem
1151 1951 1423 1996 nascens
1468 1932 1779 1996 habuerat
1826 1932 2096 1997 dimeter
2139 1933 2413 1997 creticus

1222 2064 1292 2098 ..ζ
1332 2083 1398 2102 ψ
1434 2064 1527 2119 ss,
1565 2065 1634 2098 —2
1673 2084 1742 2102 ψ
1776 2066 1870 2119 -'-,

532 2158 684 2204 cum
728 2140 943 2204 brevis
989 2139 1272 2221 syllabae
1317 2146 1462 2224 post
1492 2142 1802 2205 creticum
1848 2142 2121 2206 silenti0.
2193 2139 2378 2216 Quod
2415 2158 2626 2224 nuper

531 2263 652 2308 nos
711 2244 931 2309 docuit
988 2244 1378 2309 Heliodorus
1445 2266 1544 2330 ap.
1609 2245 1802 2309 schol.
1874 2246 1953 2309 ad
2019 2244 2364 2329 Hephaest.
2425 2266 2485 2329 p.
2539 2246 2619 2309 ’Π

534 2348 728 2413 Gaisf.
796 2350 893 2414 ed.
963 2368 1099 2414 seo:
1167 2345 1566 2433 Ἡλιόδωρος
1641 2351 1802 2433 φησὶ
1881 2346 2168 2431 κοσμίαν
2251 2346 2415 2412 εἶναι
2489 2353 2625 2412 «τῶν

532 2460 903 2518 παιωνικῶν
957 2449 1084 2536 τὴν
1141 2449 1303 2517 κατὰ
1366 2450 1545 2518 πόδα
1606 2450 1847 2537 τομῇν,
1914 2453 2091 2526 ὅπως
2147 2450 2188 2535 ἡ
2250 2449 2625 2525 ἀνάπαυσις

535 2555 809 2622 διδοῦσα
875 2553 1113 2645 χρόνον
1180 2555 1551 2643 ἑξασήμους
1614 2558 1732 2632 τὰς
1795 2554 2022 2643 βάσεις
2075 2564 2237 2643 ποιῇ
2306 2557 2413 2620 καὶ
2484 2558 2626 2622 ἶσο-

532 2674 752 2747 ,ιιερεῑς
797 2659 880 2736 ὡς
923 2660 1041 2736 τὰς
1087 2660 1315 2736 ἄλλας·
1379 2660 1521 2728 οἷον
1568 2661 1783 2741 ,Οὐδὲ
1825 2668 1915 2727 τῶ
1962 2659 2292 2726 Κνακὰλω
2339 2659 2493 2725 οὐδὲ
2536 2667 2624 2725 τῶ

536 2763 887 2851 Νυρσύλα(
946 2769 1299 2851 (Alcmanis
1356 2789 1586 2833 versus
1644 2774 1761 2850 est,
1823 2773 1896 2833 ut
1952 2767 2117 2832 bene
2176 2767 2495 2851 Bergkius
2554 2768 2624 2828 in

534 2873 684 2955 Lyr.
735 2873 842 2937 Gr.
889 2873 962 2937 P.
1010 2873 1115 2936 III
1158 2893 1220 2958 p.
1269 2873 1399 2938 840
1443 2874 1540 2937 ed.
1588 2874 1773 2958 tert).
1883 2872 2025 2949 Quo
2080 2873 2322 2938 factum
2379 2876 2496 2952 est,
2551 2875 2627 2933 ut

540 2979 755 3042 cretici
819 2979 1006 3042 initio
1066 2997 1396 3042 caesuram
1461 2978 1770 3043 haberent
1832 2983 1977 3062 post
2042 2978 2241 3062 pedes
2308 2975 2624 3060 singiUOS‚

538 3082 1082 3167 quemadmodum
1146 3079 1342 3164 (sicut
1406 3084 1644 3166 optime
1705 3082 1951 3148 Seidler
2009 3081 2107 3146 De
2152 3081 2296 3145 VV.
2353 3078 2621 3143 Dochm.

537 3208 598 3271 p.
647 3186 783 3251 XX
827 3192 891 3252 et
932 3207 994 3270 p.
1046 3186 1198 3271 137)
1243 3186 1492 3249 bacchii
1548 3186 1790 3270 singuli
1850 3187 2230 3270 plerumque
2285 3206 2418 3249 una
2476 3189 2624 3247 cum

537 3291 731 3356 verbo
791 3293 1236 3356 terminantur.
1342 3289 1560 3366 Quum
1625 3292 1823 3375 igitur
1877 3292 2253 3356 Aristoteles
2320 3290 2430 3353 illo
2486 3290 2625 3373 ipso

538 3397 677 3461 loco
721 3395 1091 3459 trochaeum
1137 3400 1211 3458 ut
1265 3396 1460 3458 nimis
1503 3396 1858 3461 volubilem
1912 3396 2317 3480 similemque
2375 3394 2622 3458 cordaci

538 3501 610 3564 111
656 3501 940 3564 oratione
985 3499 1350 3584 exploserit,
1406 3520 1537 3564 non
1583 3505 1827 3584 poterat
1872 3502 2034 3584 quin
2078 3499 2157 3563 ab
2206 3500 2437 3564 cretico
2480 3500 2524 3561 i.
2573 3517 2626 3562 e.

540 3626 579 3670 a
621 3605 782 3690 pede
825 3606 980 3669 item
1024 3604 1340 3668 trochaico
1384 3605 1611 3688 procul
1657 3605 2037 3670 abhorreret.
2108 3604 2383 3668 Videtur
2412 3608 2628 3666 autem

538 3711 647 3776 ille
708 3729 989 3794 quoque,
1046 3709 1143 3773 uti
1205 3707 1423 3795 Cicero
1481 3711 1552 3772 in
1600 3709 1859 3774 Oratore
1916 3730 1970 3772 c.
2019 3709 2126 3791 64,
2189 3705 2629 3783 Quintilianus

539 3814 663 3899 IX,
692 3816 738 3880 4
785 3816 822 3898 ξ
857 3816 939 3880 79
986 3819 1049 3878 et
1093 3814 1202 3877 alii
1247 3814 1553 3878 creticum
1597 3815 1788 3878 etiam
1831 3814 1976 3879 ideo
2023 3812 2195 3898 quod
2238 3817 2460 3897 postea
2501 3816 2629 3875 tres

541 3924 794 3985 tantum
841 3918 1121 4000 syllabas
1164 3917 1459 4002 habebat,
1513 3919 1675 4001 justi
1730 3920 1936 3998 metri,
1992 3923 2055 3983 et
2096 3936 2407 4002 paeonem
2453 3915 2629 3999 quod

541 4024 760 4110 plures
802 4023 1097 4105 habebat,
1157 4023 1414 4087 numeri
1454 4023 1596 4087 loco
1638 4042 1775 4086 non
1819 4023 2066 4087 metrici
2111 4021 2296 4106 pedis
2340 4020 2626 4084 duxisse.

542 4128 841 4214 Denique
884 4127 1216 4192 Aristoteli
1273 4146 1348 4191 ea
1400 4126 1641 4210 favent,
1704 4146 1868 4209 quae
1923 4146 2042 4210 ego
2096 4125 2176 4189 ad
2220 4126 2416 4190 Arist.
2464 4122 2627 4187 Rau.

540 4255 605 4298 v.
652 4234 780 4300 849
828 4234 908 4298 de
952 4232 1466 4317 hyporchematis
1511 4231 1804 4314 exposui.
1894 4230 2076 4295 Haec
2130 4229 2304 4293 enim
2356 4226 2630 4292 testibus
2728 4255 2737 4266 ·

541 4339 875 4404 Athenaeo
919 4336 982 4400 V
1026 4358 1088 4421 p.
1140 4336 1283 4419 181,
1306 4335 1348 4399 b
1406 4339 1469 4399 et
1527 4334 1777 4400 Sosibio
1835 4355 1934 4419 ap.
1994 4333 2184 4399 schol.
2238 4331 2501 4397 Pindar.
2548 4330 2630 4395 ad
