3099 5241
666 441 790 508 104
1474 446 1582 494 Λο
1592 444 1932 496 ΥΚΙΑΝΟῬ

659 613 883 698 με’νος.
960 610 996 679 ὁ
1061 611 1137 680 τὰ
1207 612 1530 701 διάδημα,
1617 611 1667 702 ᾧ
1731 614 1850 681 τὸν
1918 613 2261 682 δακτύλιον
2327 612 2364 681 ὁ
2430 611 2756 703 μάγειρος

522 728 626 782 510
661 715 1039 797 ἀναδίδωσι,
1086 717 1206 784 τὸν
1252 718 1444 807 ἰχθῦν
1489 718 1837 803 ἀνατεμών
1884 718 2116 805 ,,νὴσῳ
2161 726 2227 786 ἐν
2272 718 2650 808 ἀμφιρύτης
2719 720 2753 758 *

657 819 958 907 βασιλεῦς
1005 821 1077 888 δέ
1117 849 1214 897 τις
1260 822 1507 912 εὔχεται
1555 822 1803 891 εἶναι“.
1898 825 2127 891 ΕΡΜ.
2195 820 2263 890 εὖ
2308 850 2383 912 γε
2425 822 2757 910 παρῳδεῖς

657 924 814 1011 ἤδη,
889 921 937 992 ὦ
983 925 1258 1013 Χάρων.
1352 925 1512 995 ἀλλὰ
1575 925 2016 1014 Πολυκράτην
2083 927 2240 1017 ὁρᾷς
2298 927 2418 996 τὸν
2470 928 2756 1013 Σαμίων

656 1028 1010 1115 τύραννον,
1058 1032 1564 1119 πανευδαίμονα
1605 1030 1921 1119 οἰόμενον
1959 1031 2125 1099 εἶναι
2148 1055 2166 1073 ·
2216 1031 2382 1119 ἀτὰρ
2415 1034 2520 1099 καὶ
2553 1026 2756 1106 οὗτος

660 1133 859 1211 αὐτὸς
916 1134 1049 1202 ὑπὸ
1104 1145 1221 1203 τοῦ
1268 1146 1685 1223 παρεστῶτος
1731 1139 1985 1204 οἰκέτου
2028 1137 2451 1223 Μαιανδρίου
2493 1136 2754 1223 προδο-

658 1241 804 1314 θεὶς
856 1239 1128 1328 Ὀροίτῃ
1194 1250 1282 1328 τῷ
1352 1240 1658 1329 σατράπῃ
1719 1239 2469 1328 ἀι··ασκολοπισθὴσεται.
2512 1242 2755 1315 ἄθλιος

658 1343 942 1411 ἐκπεσών
1008 1352 1126 1430 τῆς
1193 1345 1617 1432 εὐδαιμονίας
1682 1352 1753 1413 ἐν
1821 1345 2046 1431 ἀκαρεῖ
2101 1355 2215 1414 τοῦ
2272 1346 2533 1436 χρόνου.
2634 1346 2753 1412 καὶ

657 1457 864 1516 ταῦτα
930 1450 1056 1538 γὰρ
1118 1458 1237 1534 τῆς
1296 1451 1630 1526 Κλωθοῦς
1696 1451 2056 1536 ἐπήκουσα.
2163 1454 2391 1520 ΧΑΡ.
2488 1450 2755 1540 ἄγαμαι

662 1554 1015 1631 Κλωθοῦς,
1077 1564 1382 1645 γεννικῶς
1437 1569 1578 1623 καῖε
1635 1554 1897 1637 αὐτοῦς,
1960 1551 2008 1622 ὦ
2064 1557 2388 1643 βελτίστη,
2460 1555 2569 1623 καὶ
2623 1553 2753 1629 τὰς

657 1747 722 1801 τὸ
762 1744 1055 1802 δακτύλιον
1088 1747 1153 1816 B,
1188 1747 1288 1802 τὸν
1326 1746 1596 1803 δάκτυλον
1633 1748 1698 1809 21.
1890 1746 2240 1804 ἀναδίδωσιν
2273 1745 2433 1818 ι’χθὺν
2469 1746 2582 1821 (om
2616 1744 2747 1817 τὸν)
2800 1807 2805 1813 ,

659 1833 764 1894 Ac.
945 1834 1229 1908 ἀμφιρύτῃ
1270 1853 1299 1890 a
1335 1838 1389 1889 et
1424 1836 1505 1891 sic
1540 1835 1993 1892 Hemsterhusius
2030 1853 2099 1891 ex
2137 1836 2233 1896 Od.
2274 1837 2342 1899 α’,
2383 1839 2468 1902 50,
2526 1833 2747 1904 ἀμφιρ·

659 1920 795 1995 ρύτῃ
837 1939 889 1989 v,
947 1921 1242 1993 ἀμφιρῶτω
1280 1924 1344 1977 Α.
1545 1921 1830 1993 παρῳδεῖς
1875 1922 1984 1994 ἤδη
2023 1925 2089 1994 B,
2137 1920 2421 1993 παρῳδεῖς
2456 1923 2568 1993 (om
2602 1918 2745 1991 ἤδη)

658 2007 880 2066 ῊΑΩΩἳ
925 2011 982 2063 et
1026 2027 1079 2067 v.
1274 2007 1537 2080 οἰόμενον
1590 2010 1767 2070 B9192
1821 2014 1878 2065 et
1929 2029 1983 2079 v,
2037 2011 2349 2083 ἡγούμενον
2400 2009 2562 2064 ΑΟΩ.

657 2093 1037 2167 Μαιανδρίου]
1077 2095 1383 2167 μεανδριόν
1421 2101 1485 2153 A.
1658 2098 1908 2173 Ὀροίτῃ]
1957 2097 2147 2169 ὀρείτη
2187 2101 2236 2153 Α
2271 2101 2327 2153 et
2361 2096 2478 2152 s‘lne
2514 2095 2743 2150 accentu

657 2183 723 2242 21.
919 2182 978 2237 ἐν
1014 2184 1237 2254 ἀκαρεῖ]
1277 2184 1503 2255 ἐνακαρὶ
1541 2185 1606 2239 Β.
1807 2184 2091 2253 ἐπήκουσα
2127 2188 2312 2244 ΑΩΩ2
2347 2187 2404 2239 et
2436 2202 2492 2253 v,
2528 2181 2744 2252 ἥκουσα

657 2270 758 2329 1321
792 2274 976 2328 contra
1010 2288 1276 2328 numeros.
1349 2272 1549 2327 vitium
1585 2273 1748 2328 fluxit
1783 2290 1852 2327 ex
1888 2290 1934 2328 c.
1963 2278 2029 2331 13
2053 2273 2192 2342 init„
2228 2273 2324 2327 ubi
2361 2272 2426 2326 de
2462 2270 2645 2326 eadem
2680 2286 2745 2323 re

654 2358 855 2428 agitur:
904 2358 1116 2427 ἤκουσα
1151 2360 1259 2431 γὰρ
1296 2362 1393 2428 τῆς
1427 2358 1701 2418 Κλωθοῦς
1735 2391 1818 2414 -.
1902 2359 2115 2430 ι’ίγαμαι
2157 2359 2432 2417 Κλωθοῦς
2473 2358 2742 2430 γεννικῆς·

657 2446 896 2517 (γενικῆς
929 2448 995 2515 Α)
1050 2454 1141 2500 καὶ
1198 2446 1396 2506 αὐτοὺς
1445 2446 1897 2516 ΒΞΙΑΟΜῙΛΩΩΆ
1954 2439 2073 2519 εὖγε
2132 2438 2176 2500 ὦ
2229 2445 2468 2501 Κλωθοῖ
2515 2446 2743 2517 γενικῶς

656 2535 936 2604 (γεννικῶς
970 2534 1026 2604 d)
1062 2542 1154 2588 καὶ
1193 2534 1391 2593 αὐτοὺς
1424 2535 1588 2605 Vulgo
1626 2535 1707 2606 (id
1744 2537 1827 2590 est
1862 2535 2006 2606 abd),
2053 2534 2238 2606 γενικὴ
2278 2533 2388 2603 VT,
2435 2532 2647 2606 γεννικὴ
2689 2548 2737 2586 0.

655 2623 897 2677 codicem
944 2624 1038 2692 qui
1089 2616 1210 2695 εὖγε
1257 2623 1451 2679 habeat
1496 2623 1723 2679 unicum
1768 2623 2023 2679 novimus
2059 2623 2112 2676 V
2156 2625 2295 2678 teste
2342 2623 2462 2692 ipso
2511 2618 2739 2675 Graevio

655 2710 750 2779 qui
786 2711 895 2765 Sic:
935 2710 1061 2780 ,MS
1102 2704 1222 2783 εὖγε
1262 2710 1482 2767 κλωθοῖ
1512 2713 1696 2781 γενικὴ
1740 2713 1843 2767 ·——‘.
1912 2711 2173 2767 nimirum
2223 2703 2344 2781 εὖγε
2396 2708 2742 2778 interpolator

653 2797 814 2866 petiit
847 2814 878 2852 o
913 2798 1280 2867 superioribus
1316 2798 1436 2854 his:
1474 2792 1536 2853 εὖ
1572 2821 1631 2871 γε
1670 2797 1955 2869 παρῳδεῖς
1989 2797 2120 2867 ἤδη,
2164 2790 2208 2852 ὦ
2233 2800 2448 2867 Χάρων
2479 2795 2739 2866 geminis-

655 2901 759 2953 que
793 2884 931 2940 locis
967 2888 1030 2940 ut
1062 2886 1185 2947 Jov.
1222 2887 1370 2956 Trag.
1405 2891 1501 2945 46:
1554 2879 1614 2941 εὖ
1650 2908 1729 2958 γε,
1772 2879 1818 2940 ὦ
1858 2884 2141 2956 Τιμόκλως
2172 2887 2260 2940 ’-.
2332 2887 2388 2939 at
2436 2884 2558 2953 quis
2605 2884 2742 2937 ferat

654 2972 936 3042 conjuncta
980 2974 1087 3028 fere
1137 2966 1182 3026 οἶ
1218 2972 1455 3027 Κλωθοῖ
1487 3005 1556 3014 ·-
1594 2965 1638 3026 ὦ
1674 2972 1950 3045 βελτίστη,
2001 2988 2135 3042 quae
2182 2971 2433 3041 repetitio
2466 2970 2619 3040 plane
2652 2971 2741 3024 est

654 3058 846 3114 inanis.
918 3061 1097 3114 tamen
1131 3077 1304 3129 neque
1337 3060 1439 3116 hoc
1478 3061 1617 3116 vitio
1650 3078 1824 3130 neque
1866 3061 2103 3131 pessimo
2150 3059 2257 3113 isto
2294 3050 2356 3114 εὖ
2390 3079 2449 3130 γε
2485 3058 2739 3113 obfensus

653 3148 737 3200 est
770 3163 959 3202 censor
991 3163 1145 3202 meus
1183 3147 1415 3202 Cobetus
1451 3148 1517 3202 ad
1555 3147 1860 3203 Orationem
1894 3165 1946 3217 p.
1985 3153 2070 3216 63,
2119 3147 2214 3215 qui
2261 3147 2447 3215 postea
2491 3146 2550 3199 in
2584 3144 2738 3198 Varr.

652 3233 799 3288 beet.
836 3251 886 3303 p.
927 3239 1027 3293 142
1063 3234 1141 3288 ita
1173 3233 1330 3304 legit:
1382 3228 1523 3306 εὖγε,
1565 3234 1817 3300 Κλωθοῖ,
1868 3236 2126 3307 γεννικῶς
2159 3235 2274 3287 καῖ’
2317 3233 2477 3305 (Βίοῖ)
2516 3232 2734 3295 αὖτοὺς,

655 3313 701 3374 ὦ
736 3320 987 3392 βελτίστη
1027 3352 1111 3374 -.
1183 3321 1454 3391 vulgatam
1500 3325 1759 3393 γεννικῶς
1804 3321 2252 3377 Hemsterhusius
2301 3321 2435 3376 bene
2483 3319 2737 3376 servavit.

652 3408 770 3477 ipse
805 3408 951 3462 enim
986 3408 1116 3463 olim
1151 3409 1528 3478 demonstravi,
1568 3408 2143 3482 ἀγαμαιὙπερβόλου
2179 3407 2268 3463 vel
2302 3411 2551 3466 Ξανθίαν
2587 3406 2738 3461 blan-

653 3495 837 3549 diendi
892 3510 1052 3550 causa
1097 3512 1307 3564 semper
1350 3495 1462 3550 dici
1516 3496 1634 3550 sine
1686 3496 1799 3553 ullo
1833 3496 2209 3564 additamento,
2264 3496 2328 3548 ut
2378 3494 2471 3549 hic
2525 3509 2737 3563 quoquc

654 3583 996 3638 scribendum
1043 3583 1118 3638 sit
1166 3582 1374 3653 ἄγαμαι
1422 3581 1695 3642 Κλωθοῦς
1741 3583 2079 3654 simpliciter.
2161 3584 2239 3637 ita
2289 3579 2565 3650 ἀνδρικῶς
2611 3597 2738 3636 oum

651 3669 970 3739 imperativo
1010 3670 1260 3741 jungitur
1303 3670 1363 3724 in
1410 3670 1579 3724 Arist.
1617 3671 1781 3741 Vesp.
1825 3676 1925 3730 153
1969 3674 2025 3726 et
2062 3668 2332 3739 ἀνδρείως
2366 3670 2425 3724 in
2458 3669 2598 3724 Pace
2630 3672 2739 3728 490

654 3756 786 3827 (non
818 3758 973 3827 plane
1019 3757 1207 3812 eodem
1252 3757 1408 3812 modo
1455 3759 1714 3828 γεννικῶς
1751 3758 1811 3812 in
1844 3759 2077 3830 Lysistr.
2118 3758 2295 3829 1070).
2367 3757 2631 3827 quomodo
2676 3754 2738 3809 id

651 3843 816 3898 latine
849 3845 1181 3900 reddendum
1216 3847 1305 3914 sit,
1341 3845 1601 3901 Horatius
1637 3845 1793 3900 docet
1827 3846 1998 3901 Carm.
2033 3846 2079 3914 I,
2119 3851 2203 3914 14,
2239 3849 2290 3902 2.
2346 3847 2479 3899 *tum
2526 3844 2608 3910 (ut
2649 3842 2737 3896 in·-

653 3931 852 4000 cipiam
886 3949 917 3986 a
952 3933 1264 4004 postremis)
1299 3949 1393 4002 pro
1430 3942 1523 3988 καὶ
1565 3932 1764 3991 adroic
1800 3933 1898 4002 (ita
1931 3926 2077 3987 enim
2112 3932 2239 3987 libri
2275 3930 2484 4001 omnes)
2518 3928 2734 3983 Jacobsi

652 4021 707 4072 et
740 4018 801 4072 in
823 4018 884 4072 L.
909 4019 969 4078 L.
994 4037 1046 4089 p.
1071 4024 1176 4078 215
1201 4019 1386 4074 Struvi
1420 4019 1848 4075 emendationem
1873 4025 1994 4074 καῖε
2025 4019 2221 4076 αὐτούς
2256 4016 2386 4073 olim
2408 4016 2466 4073 in
2492 4014 2734 4081 Quaestt.

652 4106 712 4160 L.
750 4123 801 4175 p.
841 4112 942 4165 133
985 4108 1268 4177 rejeceram
1313 4109 1376 4162 ut
1422 4107 1739 4162 contrariam
1774 4106 2030 4161 historiae
2066 4107 2122 4160 et
2155 4104 2265 4174 ipsi
2300 4103 2539 4158 Luciano
2574 4116 2738 4170 supra

653 4209 698 4247 c.
740 4199 805 4251 13
850 4194 958 4263 fin.,
1006 4195 1100 4249 ubi
1151 4195 1379 4249 Croesus
1428 4191 1770 4264 αἰχμάλωτος
1814 4193 2039 4248 dicitur:
2085 4209 2210 4246 nam
2255 4191 2348 4246 hic
2393 4206 2492 4244 rex
2538 4204 2606 4243 ne
2650 4189 2737 4242 est

653 4280 871 4350 quidem
906 4282 1237 4337 combustus.
1296 4298 1393 4337 neo
1430 4284 1608 4336 tamen
1641 4281 1678 4335 l.
1703 4280 1738 4335 l.
1763 4281 1902 4334 mihi
1935 4281 2082 4334 hunc
2115 4279 2151 4333 l.
2178 4277 2406 4347 contigit
2437 4275 2734 4332 emendare.

652 4370 836 4437 postea
898 4369 994 4423 diu
1057 4369 1265 4424 credidi
1331 4368 1633 4423 Lucianum
1698 4368 2011 4437 scripsisse:
2082 4366 2341 4439 γεννικῶς
2392 4361 2731 4446 ζοὸγκλειε

655 4454 852 4515 abrahe
888 4474 980 4510 -ε
1028 4457 1094 4511 ad
1142 4472 1312 4510 unum
1357 4455 1504 4510 enim
1551 4456 1682 4510 haec
1721 4454 1977 4510 Croesum
2023 4454 2308 4524 pertinent,
2358 4452 2452 4522 qui
2500 4466 2627 4506 sane
2675 4449 2733 4506 in
