<?xml version="1.0" encoding="UTF-8"?>
<!DOCTYPE html PUBLIC "-//W3C//DTD XHTML 1.0 Transitional//EN"
    "http://www.w3.org/TR/xhtml1/DTD/xhtml1-transitional.dtd">
<html xmlns="http://www.w3.org/1999/xhtml" xml:lang="en" lang="en">
 <head>
  <title>
</title>
<meta http-equiv="Content-Type" content="text/html;charset=utf-8" />
  <meta name='ocr-system' content='tesseract 3.04.00' />
  <meta name='ocr-capabilities' content='ocr_page ocr_carea ocr_par ocr_line ocrx_word'/>
</head>
<body>
  <div class='ocr_page' id='page_1' title='image "./lucianussamosat01fritgoog_0293.png"; bbox 0 0 3099 5241; ppageno 0'>
   <div class='ocr_carea' id='block_1_1' title="bbox 1300 434 2589 567">
    <p class='ocr_par' dir='ltr' id='par_1_1' title="bbox 1300 434 2589 567">
     <span class='ocr_line' id='line_1_1' title="bbox 1300 434 2589 495; baseline 0.002 -3"><span class='ocrx_word' id='word_1_1' title='bbox 1300 437 1775 495; x_wconf 74' lang='lat' dir='ltr'><strong>DEMONACTIS.</strong></span> <span class='ocrx_word' id='word_1_2' title='bbox 1975 434 1986 449; x_wconf 83' lang='lat'>&#39;</span> <span class='ocrx_word' id='word_1_3' title='bbox 2061 436 2070 443; x_wconf 87' lang='grc'>’</span> <span class='ocrx_word' id='word_1_4' title='bbox 2139 470 2146 479; x_wconf 90' lang='grc'><strong>-</strong></span> <span class='ocrx_word' id='word_1_5' title='bbox 2419 438 2589 494; x_wconf 84' lang='lat' dir='ltr'><strong>XVII</strong></span> 
     </span>
     <span class='ocr_line' id='line_1_2' title="bbox 2003 536 2026 567; baseline 0 0"><span class='ocrx_word' id='word_1_6' title='bbox 2003 536 2026 567; x_wconf 70' lang='grc' dir='ltr'>Ο</span> 
     </span>
    </p>
   </div>
   <div class='ocr_carea' id='block_1_2' title="bbox 499 598 2586 699">
    <p class='ocr_par' dir='ltr' id='par_1_2' title="bbox 499 598 2586 699">
     <span class='ocr_line' id='line_1_3' title="bbox 499 598 2586 699; baseline 0.002 -23"><span class='ocrx_word' id='word_1_7' title='bbox 499 612 709 697; x_wconf 79' lang='lat' dir='ltr'><strong>quaiis</strong></span> <span class='ocrx_word' id='word_1_8' title='bbox 778 614 1040 697; x_wconf 89' lang='lat' dir='ltr'><strong>quidem</strong></span> <span class='ocrx_word' id='word_1_9' title='bbox 1106 634 1286 679; x_wconf 91' lang='lat' dir='ltr'><strong>nunc</strong></span> <span class='ocrx_word' id='word_1_10' title='bbox 1346 618 1462 698; x_wconf 85' lang='lat' dir='ltr'><strong>est,</strong></span> <span class='ocrx_word' id='word_1_11' title='bbox 1531 615 1749 699; x_wconf 89' lang='lat' dir='ltr'><strong>plures</strong></span> <span class='ocrx_word' id='word_1_12' title='bbox 1802 615 1929 680; x_wconf 92' lang='lat' dir='ltr'><strong>loci</strong></span> <span class='ocrx_word' id='word_1_13' title='bbox 1981 614 2393 682; x_wconf 87' lang='lat' dir='ltr'><strong>Demonactis</strong></span> <span class='ocrx_word' id='word_1_14' title='bbox 2454 598 2586 680; x_wconf 82' lang='lat' dir='ltr'><strong>non</strong></span> 
     </span>
    </p>
   </div>
   <div class='ocr_carea' id='block_1_3' title="bbox 360 716 2634 806">
    <p class='ocr_par' dir='ltr' id='par_1_3' title="bbox 360 716 2634 806">
     <span class='ocr_line' id='line_1_4' title="bbox 360 716 2634 806; baseline 0.001 -25"><span class='ocrx_word' id='word_1_15' title='bbox 360 795 367 802; x_wconf 21' lang='grc' dir='ltr'>ι</span> <span class='ocrx_word' id='word_1_16' title='bbox 495 718 818 802; x_wconf 80' lang='lat' dir='ltr'><strong>leguntur.</strong></span> <span class='ocrx_word' id='word_1_17' title='bbox 912 718 1039 783; x_wconf 88' lang='lat' dir='ltr'><strong>Sed</strong></span> <span class='ocrx_word' id='word_1_18' title='bbox 1081 720 1368 784; x_wconf 80' lang='lat' dir='ltr'><strong>fortassis</strong></span> <span class='ocrx_word' id='word_1_19' title='bbox 1413 719 1588 782; x_wconf 88' lang='lat' dir='ltr'><strong>idem</strong></span> <span class='ocrx_word' id='word_1_20' title='bbox 1633 718 1944 784; x_wconf 86' lang='lat' dir='ltr'><strong>Stobaeus</strong></span> <span class='ocrx_word' id='word_1_21' title='bbox 1988 720 2220 805; x_wconf 90' lang='lat' dir='ltr'><strong>plenus</strong></span> <span class='ocrx_word' id='word_1_22' title='bbox 2267 720 2477 806; x_wconf 85' lang='lat' dir='ltr'><strong>adhuc</strong></span> <span class='ocrx_word' id='word_1_23' title='bbox 2524 726 2588 784; x_wconf 91' lang='lat' dir='ltr'><strong>et</strong></span> <span class='ocrx_word' id='word_1_24' title='bbox 2627 716 2634 729; x_wconf 84' lang='lat'><em>&#39;</em></span> 
     </span>
    </p>
   </div>
   <div class='ocr_carea' id='block_1_4' title="bbox 494 821 2589 1013">
    <p class='ocr_par' dir='ltr' id='par_1_4' title="bbox 494 821 2589 1013">
     <span class='ocr_line' id='line_1_5' title="bbox 494 821 2583 907; baseline 0.002 -22"><span class='ocrx_word' id='word_1_25' title='bbox 494 823 741 907; x_wconf 78' lang='lat' dir='ltr'>integer</span> <span class='ocrx_word' id='word_1_26' title='bbox 808 821 1263 889; x_wconf 84' lang='lat' dir='ltr'><strong>Demonactem</strong></span> <span class='ocrx_word' id='word_1_27' title='bbox 1330 829 1625 888; x_wconf 89' lang='lat' dir='ltr'><strong>nostrum</strong></span> <span class='ocrx_word' id='word_1_28' title='bbox 1706 827 1895 889; x_wconf 88' lang='lat' dir='ltr'><strong>etiam</strong></span> <span class='ocrx_word' id='word_1_29' title='bbox 1977 825 2131 889; x_wconf 91' lang='lat' dir='ltr'><strong>alibi</strong></span> <span class='ocrx_word' id='word_1_30' title='bbox 2205 826 2583 889; x_wconf 83' lang='lat' dir='ltr'><strong>nominarat.</strong></span> 
     </span>
     <span class='ocr_line' id='line_1_6' title="bbox 498 910 2589 1013; baseline 0.001 -23"><span class='ocrx_word' id='word_1_31' title='bbox 498 926 676 993; x_wconf 84' lang='lat' dir='ltr'><strong>Certe</strong></span> <span class='ocrx_word' id='word_1_32' title='bbox 732 926 1023 993; x_wconf 86' lang='lat' dir='ltr'><strong>Photius&#39;</strong></span> <span class='ocrx_word' id='word_1_33' title='bbox 1062 929 1134 992; x_wconf 93' lang='lat' dir='ltr'><strong>in</strong></span> <span class='ocrx_word' id='word_1_34' title='bbox 1198 928 1365 992; x_wconf 88' lang='lat' dir='ltr'><strong>Bibl.</strong></span> <span class='ocrx_word' id='word_1_35' title='bbox 1429 929 1567 992; x_wconf 91' lang='lat' dir='ltr'><strong>cod.</strong></span> <span class='ocrx_word' id='word_1_36' title='bbox 1619 910 1742 994; x_wconf 74' lang='lat'>16⁴7</span> <span class='ocrx_word' id='word_1_37' title='bbox 1800 926 1887 1013; x_wconf 90' lang='lat' dir='ltr'><strong>(p.</strong></span> <span class='ocrx_word' id='word_1_38' title='bbox 1938 929 2066 993; x_wconf 87' lang='grc'><strong>114</strong></span> <span class='ocrx_word' id='word_1_39' title='bbox 2113 930 2211 994; x_wconf 90' lang='lat' dir='ltr'><strong>ed.</strong></span> <span class='ocrx_word' id='word_1_40' title='bbox 2259 929 2359 1011; x_wconf 90' lang='grc' dir='ltr'><strong>Β.)</strong></span> <span class='ocrx_word' id='word_1_41' title='bbox 2419 931 2589 995; x_wconf 85' lang='lat' dir='ltr'><strong>inter</strong></span> 
     </span>
    </p>
   </div>
   <div class='ocr_carea' id='block_1_5' title="bbox 370 1012 2588 1118">
    <p class='ocr_par' dir='ltr' id='par_1_5' title="bbox 370 1012 2588 1118">
     <span class='ocr_line' id='line_1_7' title="bbox 370 1012 2588 1118; baseline 0.002 -24"><span class='ocrx_word' id='word_1_42' title='bbox 370 1044 385 1061; x_wconf 90' lang='lat'><strong>·</strong></span> <span class='ocrx_word' id='word_1_43' title='bbox 494 1032 904 1117; x_wconf 89' lang='lat' dir='ltr'><strong>philosophos</strong></span> <span class='ocrx_word' id='word_1_44' title='bbox 972 1032 1052 1097; x_wconf 82' lang='lat' dir='ltr'><strong>ab</strong></span> <span class='ocrx_word' id='word_1_45' title='bbox 1121 1031 1389 1098; x_wconf 84' lang='lat' dir='ltr'><strong>Stobaeo</strong></span> <span class='ocrx_word' id='word_1_46' title='bbox 1457 1033 1701 1097; x_wconf 85' lang='lat' dir='ltr'><strong>adlatos</strong></span> <span class='ocrx_word' id='word_1_47' title='bbox 1772 1033 2006 1098; x_wconf 88' lang='lat' dir='ltr'><strong>diserte</strong></span> <span class='ocrx_word' id='word_1_48' title='bbox 2074 1036 2266 1098; x_wconf 80' lang='lat' dir='ltr'><strong>etiam</strong></span> <span class='ocrx_word' id='word_1_49' title='bbox 2338 1012 2588 1118; x_wconf 62' lang='lat' dir='ltr'><strong>,nemo-</strong></span> 
     </span>
    </p>
   </div>
   <div class='ocr_carea' id='block_1_6' title="bbox 482 1136 2591 2165">
    <p class='ocr_par' dir='ltr' id='par_1_6' title="bbox 495 1136 1114 1221">
     <span class='ocr_line' id='line_1_8' title="bbox 495 1136 1114 1221; baseline 0.003 -22"><span class='ocrx_word' id='word_1_50' title='bbox 495 1136 764 1201; x_wconf 86' lang='lat' dir='ltr'><strong>nactem‘</strong></span> <span class='ocrx_word' id='word_1_51' title='bbox 811 1139 1114 1221; x_wconf 84' lang='lat' dir='ltr'><strong>reposuit</strong></span> 
     </span>
    </p>

    <p class='ocr_par' dir='ltr' id='par_1_7' title="bbox 493 1341 2589 1536">
     <span class='ocr_line' id='line_1_9' title="bbox 676 1341 2589 1433; baseline -0.001 -22"><span class='ocrx_word' id='word_1_52' title='bbox 676 1343 763 1411; x_wconf 78' lang='grc' dir='ltr'><strong>Οἱ</strong></span> <span class='ocrx_word' id='word_1_53' title='bbox 809 1342 1195 1410; x_wconf 75' lang='grc' dir='ltr'><strong><em>ἀπαίδευτοι</em></strong></span> <span class='ocrx_word' id='word_1_54' title='bbox 1239 1341 1547 1428; x_wconf 76' lang='grc' dir='ltr'><strong><em>καθάπερ</em></strong></span> <span class='ocrx_word' id='word_1_55' title='bbox 1598 1348 1660 1409; x_wconf 86' lang='grc' dir='ltr'><strong><em>οἱ</em></strong></span> <span class='ocrx_word' id='word_1_56' title='bbox 1704 1342 2115 1429; x_wconf 79' lang='grc' dir='ltr'><strong><em>ἆλιευόμενοι</em></strong></span> <span class='ocrx_word' id='word_1_57' title='bbox 2162 1341 2380 1433; x_wconf 70' lang='grc' dir='ltr'><strong><em>ἰχθύες</em></strong></span> <span class='ocrx_word' id='word_1_58' title='bbox 2412 1342 2589 1411; x_wconf 77' lang='grc' dir='ltr'><strong><em>ἑλκό-</em></strong></span> 
     </span>
     <span class='ocr_line' id='line_1_10' title="bbox 493 1440 2432 1536; baseline 0.001 -24"><span class='ocrx_word' id='word_1_59' title='bbox 493 1473 689 1532; x_wconf 72' lang='grc' dir='ltr'><strong><em>μενοι</em></strong></span> <span class='ocrx_word' id='word_1_60' title='bbox 737 1455 979 1536; x_wconf 80' lang='grc' dir='ltr'><em>σιγῶσι.</em></span> <span class='ocrx_word' id='word_1_61' title='bbox 2425 1440 2432 1449; x_wconf 57' lang='grc'><strong>’</strong></span> 
     </span>
    </p>

    <p class='ocr_par' dir='ltr' id='par_1_8' title="bbox 494 1551 2590 2058">
     <span class='ocr_line' id='line_1_11' title="bbox 667 1551 2588 1638; baseline 0.001 -21"><span class='ocrx_word' id='word_1_62' title='bbox 667 1553 730 1618; x_wconf 82' lang='lat' dir='ltr'><strong>J.</strong></span> <span class='ocrx_word' id='word_1_63' title='bbox 776 1553 1220 1620; x_wconf 84' lang='lat' dir='ltr'><strong>Damascenus</strong></span> <span class='ocrx_word' id='word_1_64' title='bbox 1280 1554 1571 1620; x_wconf 80' lang='lat' dir='ltr'><strong>Parallel.</strong></span> <span class='ocrx_word' id='word_1_65' title='bbox 1619 1575 1681 1638; x_wconf 91' lang='lat' dir='ltr'><strong>p.</strong></span> <span class='ocrx_word' id='word_1_66' title='bbox 1733 1554 1913 1620; x_wconf 84' lang='lat' dir='ltr'><strong>153b</strong></span> <span class='ocrx_word' id='word_1_67' title='bbox 1961 1555 2057 1620; x_wconf 89' lang='lat' dir='ltr'><strong>ed.</strong></span> <span class='ocrx_word' id='word_1_68' title='bbox 2107 1554 2278 1621; x_wconf 82' lang='lat' dir='ltr'><strong>Sart:</strong></span> <span class='ocrx_word' id='word_1_69' title='bbox 2337 1551 2588 1638; x_wconf 80' lang='grc' dir='ltr'><strong><em>Δημώ-</em></strong></span> 
     </span>
     <span class='ocr_line' id='line_1_12' title="bbox 495 1655 2590 1746; baseline 0.002 -26"><span class='ocrx_word' id='word_1_70' title='bbox 495 1681 756 1731; x_wconf 76' lang='grc' dir='ltr'><strong><em>νακτος.</em></strong></span> <span class='ocrx_word' id='word_1_71' title='bbox 830 1661 891 1724; x_wconf 88' lang='grc' dir='ltr'><strong><em>οἱ</em></strong></span> <span class='ocrx_word' id='word_1_72' title='bbox 937 1656 1057 1723; x_wconf 81' lang='grc' dir='ltr'><strong>ἀπ.</strong></span> <span class='ocrx_word' id='word_1_73' title='bbox 1109 1697 1198 1707; x_wconf 96' lang='grc'><strong>-</strong></span> <span class='ocrx_word' id='word_1_74' title='bbox 1245 1664 1488 1745; x_wconf 67' lang='grc' dir='ltr'><strong><em>σιγῶσι*</em></strong></span> <span class='ocrx_word' id='word_1_75' title='bbox 1538 1658 1654 1723; x_wconf 86' lang='lat' dir='ltr'><strong>ubi</strong></span> <span class='ocrx_word' id='word_1_76' title='bbox 1702 1661 1890 1746; x_wconf 78' lang='grc' dir='ltr'><strong><em>ἰχθῦς</em></strong></span> <span class='ocrx_word' id='word_1_77' title='bbox 1931 1661 2195 1744; x_wconf 75' lang='lat' dir='ltr'><strong>legitur:</strong></span> <span class='ocrx_word' id='word_1_78' title='bbox 2258 1665 2323 1725; x_wconf 77' lang='lat' dir='ltr'><strong>at</strong></span> <span class='ocrx_word' id='word_1_79' title='bbox 2370 1655 2590 1745; x_wconf 77' lang='grc' dir='ltr'><em>ἰχθύες</em></span> 
     </span>
     <span class='ocr_line' id='line_1_13' title="bbox 494 1763 2589 1849; baseline 0.001 -22"><span class='ocrx_word' id='word_1_80' title='bbox 494 1764 566 1827; x_wconf 86' lang='lat' dir='ltr'><strong>in</strong></span> <span class='ocrx_word' id='word_1_81' title='bbox 623 1764 847 1829; x_wconf 91' lang='lat' dir='ltr'><strong>eodem</strong></span> <span class='ocrx_word' id='word_1_82' title='bbox 892 1763 1276 1829; x_wconf 86' lang='lat' dir='ltr'><strong>Damasceni</strong></span> <span class='ocrx_word' id='word_1_83' title='bbox 1336 1764 1476 1829; x_wconf 90' lang='lat' dir='ltr'><strong>loco</strong></span> <span class='ocrx_word' id='word_1_84' title='bbox 1535 1764 1710 1848; x_wconf 86' lang='lat' dir='ltr'><strong>apud</strong></span> <span class='ocrx_word' id='word_1_85' title='bbox 1765 1763 2172 1828; x_wconf 81' lang='lat' dir='ltr'><strong>Gaisfordum</strong></span> <span class='ocrx_word' id='word_1_86' title='bbox 2229 1783 2396 1849; x_wconf 91' lang='lat' dir='ltr'><strong>pone</strong></span> <span class='ocrx_word' id='word_1_87' title='bbox 2450 1765 2589 1830; x_wconf 86' lang='lat' dir='ltr'><strong>Sto-</strong></span> 
     </span>
     <span class='ocr_line' id='line_1_14' title="bbox 495 1849 2591 1954; baseline 0.001 -23"><span class='ocrx_word' id='word_1_88' title='bbox 495 1867 729 1932; x_wconf 84' lang='lat' dir='ltr'><strong>baeum</strong></span> <span class='ocrx_word' id='word_1_89' title='bbox 772 1868 840 1932; x_wconf 94' lang='grc' dir='ltr'><strong>Τ.</strong></span> <span class='ocrx_word' id='word_1_90' title='bbox 887 1869 979 1935; x_wconf 93' lang='lat' dir='ltr'><strong>IV</strong></span> <span class='ocrx_word' id='word_1_91' title='bbox 1023 1891 1085 1954; x_wconf 93' lang='lat' dir='ltr'><strong>p.</strong></span> <span class='ocrx_word' id='word_1_92' title='bbox 1119 1872 1224 1936; x_wconf 85' lang='lat'><strong>66.</strong></span> <span class='ocrx_word' id='word_1_93' title='bbox 1314 1867 1701 1933; x_wconf 85' lang='lat' dir='ltr'><strong>Demonacti</strong></span> <span class='ocrx_word' id='word_1_94' title='bbox 1746 1869 1903 1934; x_wconf 90' lang='lat' dir='ltr'><strong>haec</strong></span> <span class='ocrx_word' id='word_1_95' title='bbox 1946 1849 2172 1934; x_wconf 79' lang='lat' dir='ltr'><strong>tribuit</strong></span> <span class='ocrx_word' id='word_1_96' title='bbox 2215 1871 2407 1934; x_wconf 84' lang='lat' dir='ltr'><strong>etiam</strong></span> <span class='ocrx_word' id='word_1_97' title='bbox 2452 1870 2591 1933; x_wconf 92' lang='lat' dir='ltr'><strong>An-</strong></span> 
     </span>
     <span class='ocr_line' id='line_1_15' title="bbox 494 1971 2589 2058; baseline 0.001 -21"><span class='ocrx_word' id='word_1_98' title='bbox 494 1975 712 2038; x_wconf 80' lang='lat' dir='ltr'><strong>tonius</strong></span> <span class='ocrx_word' id='word_1_99' title='bbox 743 1973 942 2043; x_wconf 82' lang='lat' dir='ltr'><strong>Serm.</strong></span> <span class='ocrx_word' id='word_1_100' title='bbox 979 1974 1134 2040; x_wconf 87' lang='grc'><strong>134.</strong></span> <span class='ocrx_word' id='word_1_101' title='bbox 1183 1971 1354 2056; x_wconf 80' lang='grc' dir='ltr'><strong><em>Περὶ</em></strong></span> <span class='ocrx_word' id='word_1_102' title='bbox 1399 1971 1701 2045; x_wconf 77' lang='grc' dir='ltr'><strong>παιδείας</strong></span> <span class='ocrx_word' id='word_1_103' title='bbox 1745 1997 1851 2036; x_wconf 86' lang='grc' dir='ltr'><strong>και</strong></span> <span class='ocrx_word' id='word_1_104' title='bbox 1896 1972 2283 2057; x_wconf 77' lang='grc' dir='ltr'><strong><em>φιλοσοφίας</em></strong></span> <span class='ocrx_word' id='word_1_105' title='bbox 2328 1995 2389 2058; x_wconf 93' lang='grc' dir='ltr'><strong>Ρ.</strong></span> <span class='ocrx_word' id='word_1_106' title='bbox 2440 1974 2589 2056; x_wconf 81' lang='grc'>209,</span> 
     </span>
    </p>

    <p class='ocr_par' dir='ltr' id='par_1_9' title="bbox 482 2073 1841 2165">
     <span class='ocr_line' id='line_1_16' title="bbox 482 2073 1841 2165; baseline -0.002 -22"><span class='ocrx_word' id='word_1_107' title='bbox 482 2078 602 2161; x_wconf 82' lang='grc'>42,</span> <span class='ocrx_word' id='word_1_108' title='bbox 650 2080 765 2162; x_wconf 91' lang='lat' dir='ltr'><strong>qui</strong></span> <span class='ocrx_word' id='word_1_109' title='bbox 810 2099 924 2164; x_wconf 89' lang='lat' dir='ltr'><strong>pro</strong></span> <span class='ocrx_word' id='word_1_110' title='bbox 974 2080 1160 2165; x_wconf 74' lang='grc' dir='ltr'><strong><em>ἰχθῦς</em></strong></span> <span class='ocrx_word' id='word_1_111' title='bbox 1203 2080 1359 2142; x_wconf 91' lang='lat' dir='ltr'><strong>item</strong></span> <span class='ocrx_word' id='word_1_112' title='bbox 1401 2076 1560 2163; x_wconf 86' lang='lat' dir='ltr'><strong>legit</strong></span> <span class='ocrx_word' id='word_1_113' title='bbox 1606 2073 1841 2164; x_wconf 75' lang='grc' dir='ltr'><strong>ἰχθύες.</strong></span> 
     </span>
    </p>
   </div>
   <div class='ocr_carea' id='block_1_7' title="bbox 1474 2233 1658 2297">
    <p class='ocr_par' dir='ltr' id='par_1_10' title="bbox 1474 2233 1658 2297">
     <span class='ocr_line' id='line_1_17' title="bbox 1474 2233 1658 2297; baseline 0 0"><span class='ocrx_word' id='word_1_114' title='bbox 1474 2233 1658 2297; x_wconf 92' lang='lat' dir='ltr'><strong>VII.-</strong></span> 
     </span>
    </p>
   </div>
   <div class='ocr_carea' id='block_1_8' title="bbox 497 2334 2593 3891">
    <p class='ocr_par' dir='ltr' id='par_1_11' title="bbox 497 2334 2589 2540">
     <span class='ocr_line' id='line_1_18' title="bbox 681 2334 2589 2425; baseline -0.002 -21"><span class='ocrx_word' id='word_1_115' title='bbox 681 2336 818 2412; x_wconf 85' lang='grc' dir='ltr'><strong>Τας</strong></span> <span class='ocrx_word' id='word_1_116' title='bbox 861 2341 989 2424; x_wconf 78' lang='grc' dir='ltr'><strong>μὲν</strong></span> <span class='ocrx_word' id='word_1_117' title='bbox 1032 2334 1250 2412; x_wconf 82' lang='grc' dir='ltr'><strong><em>πόλεις</em></strong></span> <span class='ocrx_word' id='word_1_118' title='bbox 1300 2334 1726 2421; x_wconf 77' lang='grc' dir='ltr'><strong><em>ἀναθήμασι,</em></strong></span> <span class='ocrx_word' id='word_1_119' title='bbox 1792 2363 1912 2412; x_wconf 85' lang='grc' dir='ltr'><strong>τας</strong></span> <span class='ocrx_word' id='word_1_120' title='bbox 1970 2337 2039 2402; x_wconf 83' lang='grc' dir='ltr'><strong>δὲ</strong></span> <span class='ocrx_word' id='word_1_121' title='bbox 2097 2335 2307 2425; x_wconf 70' lang='grc' dir='ltr'><strong><em>ψυχάς</em></strong></span> <span class='ocrx_word' id='word_1_122' title='bbox 2349 2334 2589 2422; x_wconf 77' lang='grc' dir='ltr'><strong><em>μαθή-</em></strong></span> 
     </span>
     <span class='ocr_line' id='line_1_19' title="bbox 497 2441 1145 2540; baseline -0.003 -34"><span class='ocrx_word' id='word_1_123' title='bbox 497 2468 665 2540; x_wconf 68' lang='grc' dir='ltr'><strong><em>μασι</em></strong></span> <span class='ocrx_word' id='word_1_124' title='bbox 709 2456 983 2529; x_wconf 78' lang='grc' dir='ltr'><strong><em>κοσμεῖν</em></strong></span> <span class='ocrx_word' id='word_1_125' title='bbox 1031 2441 1145 2508; x_wconf 72' lang='grc' dir='ltr'><strong>δεῖ.</strong></span> 
     </span>
    </p>

    <p class='ocr_par' dir='ltr' id='par_1_12' title="bbox 497 2541 2593 3891">
     <span class='ocr_line' id='line_1_20' title="bbox 672 2541 2591 2636; baseline -0.002 -24"><span class='ocrx_word' id='word_1_126' title='bbox 672 2549 734 2612; x_wconf 84' lang='lat' dir='ltr'><strong>J.</strong></span> <span class='ocrx_word' id='word_1_127' title='bbox 775 2548 1217 2622; x_wconf 85' lang='lat' dir='ltr'><strong>Damascenus</strong></span> <span class='ocrx_word' id='word_1_128' title='bbox 1249 2547 1535 2636; x_wconf 80' lang='lat' dir='ltr'><strong>Parellel.</strong></span> <span class='ocrx_word' id='word_1_129' title='bbox 1573 2568 1633 2633; x_wconf 93' lang='lat' dir='ltr'><strong>p.</strong></span> <span class='ocrx_word' id='word_1_130' title='bbox 1673 2546 1857 2613; x_wconf 85' lang='lat' dir='ltr'><strong>146b</strong></span> <span class='ocrx_word' id='word_1_131' title='bbox 1904 2546 2000 2612; x_wconf 86' lang='lat' dir='ltr'><strong>ed.</strong></span> <span class='ocrx_word' id='word_1_132' title='bbox 2031 2546 2106 2611; x_wconf 81' lang='lat' dir='ltr'><strong>S:</strong></span> <span class='ocrx_word' id='word_1_133' title='bbox 2154 2541 2591 2629; x_wconf 78' lang='grc' dir='ltr'><strong><em>Δημόνακτος</em></strong></span> 
     </span>
     <span class='ocr_line' id='line_1_21' title="bbox 501 2649 2585 2737; baseline -0.003 -18"><span class='ocrx_word' id='word_1_134' title='bbox 501 2651 957 2737; x_wconf 72' lang='lat' dir='ltr'><strong>(Sic)‘onc1&#39;ov</strong></span> <span class='ocrx_word' id='word_1_135' title='bbox 1015 2656 1119 2718; x_wconf 79' lang='grc' dir='ltr'><strong>καὶ</strong></span> <span class='ocrx_word' id='word_1_136' title='bbox 1163 2649 1572 2736; x_wconf 75' lang='grc' dir='ltr'><strong>Σωκράτους.</strong></span> <span class='ocrx_word' id='word_1_137' title='bbox 1668 2649 1786 2723; x_wconf 78' lang='grc' dir='ltr'><strong>τὰς</strong></span> <span class='ocrx_word' id='word_1_138' title='bbox 1846 2654 1974 2733; x_wconf 78' lang='grc' dir='ltr'><strong>μὲν</strong></span> <span class='ocrx_word' id='word_1_139' title='bbox 2019 2690 2103 2698; x_wconf 88' lang='grc'><strong>-</strong></span> <span class='ocrx_word' id='word_1_140' title='bbox 2149 2663 2417 2733; x_wconf 77' lang='grc' dir='ltr'><strong><em>κοσμεῖν</em></strong></span> <span class='ocrx_word' id='word_1_141' title='bbox 2467 2649 2585 2727; x_wconf 81' lang='grc' dir='ltr'><strong>δεῖ,</strong></span> 
     </span>
     <span class='ocr_line' id='line_1_22' title="bbox 501 2750 2591 2844; baseline -0.003 -20"><span class='ocrx_word' id='word_1_142' title='bbox 501 2753 849 2844; x_wconf 73' lang='lat' dir='ltr'><strong>sive‘pone</strong></span> <span class='ocrx_word' id='word_1_143' title='bbox 894 2760 1239 2826; x_wconf 85' lang='lat' dir='ltr'><strong>Stobaeum</strong></span> <span class='ocrx_word' id='word_1_144' title='bbox 1287 2758 1602 2822; x_wconf 83' lang='lat' dir='ltr'><strong>Gaisfordi</strong></span> <span class='ocrx_word' id='word_1_145' title='bbox 1645 2756 1713 2820; x_wconf 94' lang='grc' dir='ltr'><strong>Τ.</strong></span> <span class='ocrx_word' id='word_1_146' title='bbox 1760 2756 1850 2821; x_wconf 88' lang='lat' dir='ltr'><strong>IV</strong></span> <span class='ocrx_word' id='word_1_147' title='bbox 1893 2778 1956 2841; x_wconf 89' lang='lat' dir='ltr'><strong>p.</strong></span> <span class='ocrx_word' id='word_1_148' title='bbox 2006 2757 2109 2839; x_wconf 85' lang='lat'><strong>39,</strong></span> <span class='ocrx_word' id='word_1_149' title='bbox 2179 2755 2293 2819; x_wconf 92' lang='lat' dir='ltr'><strong>ubi</strong></span> <span class='ocrx_word' id='word_1_150' title='bbox 2340 2750 2591 2837; x_wconf 85' lang='grc' dir='ltr'><strong><em>Δημώ-</em></strong></span> 
     </span>
     <span class='ocr_line' id='line_1_23' title="bbox 500 2860 2588 2944; baseline -0.001 -17"><span class='ocrx_word' id='word_1_151' title='bbox 500 2888 735 2937; x_wconf 68' lang='grc' dir='ltr'><strong><em>νακτος</em></strong></span> <span class='ocrx_word' id='word_1_152' title='bbox 792 2865 1108 2929; x_wconf 79' lang='lat' dir='ltr'><strong>scribitur.</strong></span> <span class='ocrx_word' id='word_1_153' title='bbox 1199 2864 1448 2928; x_wconf 88' lang='lat' dir='ltr'><strong>Verum</strong></span> <span class='ocrx_word' id='word_1_154' title='bbox 1502 2862 1833 2927; x_wconf 90' lang='lat' dir='ltr'><strong>Antonius</strong></span> <span class='ocrx_word' id='word_1_155' title='bbox 1892 2861 2090 2925; x_wconf 86' lang='lat' dir='ltr'><strong>Serm.</strong></span> <span class='ocrx_word' id='word_1_156' title='bbox 2144 2860 2269 2925; x_wconf 82' lang='lat'><strong>134</strong></span> <span class='ocrx_word' id='word_1_157' title='bbox 2326 2880 2388 2944; x_wconf 92' lang='grc' dir='ltr'><strong>Ρ.</strong></span> <span class='ocrx_word' id='word_1_158' title='bbox 2438 2860 2588 2942; x_wconf 82' lang='grc'>207,</span> 
     </span>
     <span class='ocr_line' id='line_1_24' title="bbox 497 2965 2587 3054; baseline -0.001 -22"><span class='ocrx_word' id='word_1_159' title='bbox 497 2969 606 3052; x_wconf 86' lang='grc'><strong>41,</strong></span> <span class='ocrx_word' id='word_1_160' title='bbox 650 2970 935 3054; x_wconf 91' lang='lat' dir='ltr'><strong>primum</strong></span> <span class='ocrx_word' id='word_1_161' title='bbox 979 2971 1048 3033; x_wconf 89' lang='lat' dir='ltr'><strong>in</strong></span> <span class='ocrx_word' id='word_1_162' title='bbox 1091 2968 1222 3033; x_wconf 86' lang='lat' dir='ltr'><strong>fine</strong></span> <span class='ocrx_word' id='word_1_163' title='bbox 1265 2969 1422 3053; x_wconf 83' lang='lat' dir='ltr'><strong>legit</strong></span> <span class='ocrx_word' id='word_1_164' title='bbox 1467 2965 1565 3030; x_wconf 81' lang='grc' dir='ltr'><strong>δεῖ</strong></span> <span class='ocrx_word' id='word_1_165' title='bbox 1607 2977 1875 3047; x_wconf 72' lang='grc' dir='ltr'><strong><em>κοσμεῖν</em></strong></span> <span class='ocrx_word' id='word_1_166' title='bbox 1925 2967 2066 3048; x_wconf 88' lang='lat' dir='ltr'><strong>(hoc</strong></span> <span class='ocrx_word' id='word_1_167' title='bbox 2114 2965 2383 3051; x_wconf 83' lang='lat' dir='ltr'><strong>ordine),</strong></span> <span class='ocrx_word' id='word_1_168' title='bbox 2445 2970 2587 3029; x_wconf 89' lang='lat' dir='ltr'><strong>tum</strong></span> 
     </span>
     <span class='ocr_line' id='line_1_25' title="bbox 499 3070 2586 3159; baseline -0.003 -22"><span class='ocrx_word' id='word_1_169' title='bbox 499 3094 774 3157; x_wconf 86' lang='lat' dir='ltr'>gnomen</span> <span class='ocrx_word' id='word_1_170' title='bbox 824 3076 1026 3159; x_wconf 85' lang='lat' dir='ltr'><strong>ipsam</strong></span> <span class='ocrx_word' id='word_1_171' title='bbox 1076 3077 1354 3138; x_wconf 79' lang='lat' dir='ltr'><strong>sumtam</strong></span> <span class='ocrx_word' id='word_1_172' title='bbox 1401 3074 1557 3136; x_wconf 87' lang='lat' dir='ltr'><strong>dicit</strong></span> <span class='ocrx_word' id='word_1_173' title='bbox 1587 3092 1621 3137; x_wconf 92' lang='lat' dir='ltr'><strong>e</strong></span> <span class='ocrx_word' id='word_1_174' title='bbox 1643 3071 2030 3153; x_wconf 76' lang='lat' dir='ltr'><strong>Democrito,</strong></span> <span class='ocrx_word' id='word_1_175' title='bbox 2076 3070 2178 3134; x_wconf 85' lang='lat' dir='ltr'><strong>vel</strong></span> <span class='ocrx_word' id='word_1_176' title='bbox 2226 3070 2586 3134; x_wconf 84' lang='lat' dir='ltr'><strong>secundum</strong></span> 
     </span>
     <span class='ocr_line' id='line_1_26' title="bbox 500 3165 2589 3262; baseline -0.004 -20"><span class='ocrx_word' id='word_1_177' title='bbox 500 3179 657 3242; x_wconf 83' lang='lat' dir='ltr'><strong>alios</strong></span> <span class='ocrx_word' id='word_1_178' title='bbox 703 3199 738 3244; x_wconf 94' lang='lat' dir='ltr'><strong>e</strong></span> <span class='ocrx_word' id='word_1_179' title='bbox 769 3178 1164 3262; x_wconf 86' lang='lat' dir='ltr'><strong>Democrate,</strong></span> <span class='ocrx_word' id='word_1_180' title='bbox 1208 3177 1487 3242; x_wconf 87' lang='lat' dir='ltr'><strong>Isocrate</strong></span> <span class='ocrx_word' id='word_1_181' title='bbox 1532 3183 1597 3242; x_wconf 91' lang='lat' dir='ltr'><strong>et</strong></span> <span class='ocrx_word' id='word_1_182' title='bbox 1633 3176 1943 3261; x_wconf 85' lang='lat' dir='ltr'><strong>Epicteto.</strong></span> <span class='ocrx_word' id='word_1_183' title='bbox 2035 3174 2315 3239; x_wconf 81' lang='lat' dir='ltr'><strong>Nomina</strong></span> <span class='ocrx_word' id='word_1_184' title='bbox 2340 3165 2589 3254; x_wconf 65' lang='grc' dir='ltr'><strong><em>Δημῶ-</em></strong></span> 
     </span>
     <span class='ocr_line' id='line_1_27' title="bbox 504 3276 2592 3367; baseline -0.002 -22"><span class='ocrx_word' id='word_1_185' title='bbox 504 3286 642 3361; x_wconf 72' lang='grc' dir='ltr'><strong>ναξ,</strong></span> <span class='ocrx_word' id='word_1_186' title='bbox 694 3279 1160 3367; x_wconf 76' lang='grc' dir='ltr'><strong><em>Δημοκράτης,</em></strong></span> <span class='ocrx_word' id='word_1_187' title='bbox 1214 3279 1652 3365; x_wconf 78' lang='grc' dir='ltr'><strong><em>Δημόκριτος,</em></strong></span> <span class='ocrx_word' id='word_1_188' title='bbox 1705 3276 2091 3365; x_wconf 76' lang='grc' dir='ltr'><strong><em>Δημόφιλος</em></strong></span> <span class='ocrx_word' id='word_1_189' title='bbox 2137 3281 2394 3363; x_wconf 85' lang='lat' dir='ltr'><strong>saepius</strong></span> <span class='ocrx_word' id='word_1_190' title='bbox 2443 3297 2592 3342; x_wconf 87' lang='lat' dir='ltr'><strong>con-</strong></span> 
     </span>
     <span class='ocr_line' id='line_1_28' title="bbox 498 3383 2593 3474; baseline -0.003 -22"><span class='ocrx_word' id='word_1_191' title='bbox 498 3383 643 3453; x_wconf 80' lang='lat' dir='ltr'><strong>fusa</strong></span> <span class='ocrx_word' id='word_1_192' title='bbox 700 3395 872 3453; x_wconf 90' lang='lat' dir='ltr'><strong>sunt.</strong></span> <span class='ocrx_word' id='word_1_193' title='bbox 963 3388 1053 3454; x_wconf 89' lang='lat' dir='ltr'><strong>Ut</strong></span> <span class='ocrx_word' id='word_1_194' title='bbox 1108 3390 1314 3474; x_wconf 87' lang='lat' dir='ltr'><strong>potior</strong></span> <span class='ocrx_word' id='word_1_195' title='bbox 1369 3388 1715 3451; x_wconf 82' lang='lat' dir='ltr'><strong>auctoritas</strong></span> <span class='ocrx_word' id='word_1_196' title='bbox 1775 3387 1858 3450; x_wconf 90' lang='lat' dir='ltr'><strong>sit</strong></span> <span class='ocrx_word' id='word_1_197' title='bbox 1899 3386 1961 3449; x_wconf 84' lang='lat' dir='ltr'><strong>J.</strong></span> <span class='ocrx_word' id='word_1_198' title='bbox 2009 3383 2417 3466; x_wconf 84' lang='lat' dir='ltr'><strong>Damasceni,</strong></span> <span class='ocrx_word' id='word_1_199' title='bbox 2477 3384 2593 3467; x_wconf 88' lang='lat' dir='ltr'><strong>qui</strong></span> 
     </span>
     <span class='ocr_line' id='line_1_29' title="bbox 498 3488 2588 3574; baseline -0.003 -18"><span class='ocrx_word' id='word_1_200' title='bbox 498 3492 958 3559; x_wconf 86' lang='lat' dir='ltr'><strong>Demonactem</strong></span> <span class='ocrx_word' id='word_1_201' title='bbox 1003 3495 1369 3557; x_wconf 84' lang='lat' dir='ltr'><strong>nominasse</strong></span> <span class='ocrx_word' id='word_1_202' title='bbox 1413 3492 1687 3574; x_wconf 86' lang='lat' dir='ltr'><strong>videtur,</strong></span> <span class='ocrx_word' id='word_1_203' title='bbox 1743 3496 1961 3554; x_wconf 86' lang='lat' dir='ltr'><strong>tamen</strong></span> <span class='ocrx_word' id='word_1_204' title='bbox 2023 3490 2138 3574; x_wconf 40' lang='lat' dir='ltr'><strong>sic,</strong></span> <span class='ocrx_word' id='word_1_205' title='bbox 2164 3507 2423 3572; x_wconf 88' lang='lat' dir='ltr'><strong>quoque</strong></span> <span class='ocrx_word' id='word_1_206' title='bbox 2466 3488 2588 3551; x_wconf 88' lang='lat' dir='ltr'><strong>hoc</strong></span> 
     </span>
     <span class='ocr_line' id='line_1_30' title="bbox 501 3591 2593 3684; baseline -0.003 -23"><span class='ocrx_word' id='word_1_207' title='bbox 501 3598 746 3662; x_wconf 89' lang='lat' dir='ltr'><strong>dictum</strong></span> <span class='ocrx_word' id='word_1_208' title='bbox 822 3599 1172 3684; x_wconf 88' lang='lat' dir='ltr'><strong>permultos</strong></span> <span class='ocrx_word' id='word_1_209' title='bbox 1259 3595 1520 3662; x_wconf 85' lang='lat' dir='ltr'><strong>habebit</strong></span> <span class='ocrx_word' id='word_1_210' title='bbox 1597 3597 2060 3680; x_wconf 84' lang='lat' dir='ltr'><strong>competitores.</strong></span> <span class='ocrx_word' id='word_1_211' title='bbox 2179 3591 2394 3656; x_wconf 90' lang='lat' dir='ltr'><strong>Habet</strong></span> <span class='ocrx_word' id='word_1_212' title='bbox 2470 3592 2593 3654; x_wconf 91' lang='lat' dir='ltr'><strong>hoc</strong></span> 
     </span>
     <span class='ocr_line' id='line_1_31' title="bbox 499 3699 2590 3788; baseline -0.004 -22"><span class='ocrx_word' id='word_1_213' title='bbox 499 3704 715 3788; x_wconf 91' lang='lat' dir='ltr'><strong>ipsum</strong></span> <span class='ocrx_word' id='word_1_214' title='bbox 771 3703 1015 3768; x_wconf 89' lang='lat' dir='ltr'><strong>dictum</strong></span> <span class='ocrx_word' id='word_1_215' title='bbox 1075 3703 1268 3767; x_wconf 90' lang='lat' dir='ltr'><strong>etiam</strong></span> <span class='ocrx_word' id='word_1_216' title='bbox 1310 3701 1642 3765; x_wconf 84' lang='lat' dir='ltr'><strong>Maximus</strong></span> <span class='ocrx_word' id='word_1_217' title='bbox 1698 3720 1756 3784; x_wconf 93' lang='lat' dir='ltr'><strong>p.</strong></span> <span class='ocrx_word' id='word_1_218' title='bbox 1801 3701 1952 3783; x_wconf 80' lang='lat'>207,</span> <span class='ocrx_word' id='word_1_219' title='bbox 1995 3699 2101 3781; x_wconf 85' lang='lat'><strong>41,</strong></span> <span class='ocrx_word' id='word_1_220' title='bbox 2163 3716 2356 3781; x_wconf 88' lang='lat' dir='ltr'><strong>quem</strong></span> <span class='ocrx_word' id='word_1_221' title='bbox 2411 3715 2590 3759; x_wconf 93' lang='lat' dir='ltr'><strong>nunc</strong></span> 
     </span>
     <span class='ocr_line' id='line_1_32' title="bbox 499 3798 2593 3891; baseline -0.004 -21"><span class='ocrx_word' id='word_1_222' title='bbox 499 3808 814 3891; x_wconf 86' lang='lat' dir='ltr'><strong>inspicere</strong></span> <span class='ocrx_word' id='word_1_223' title='bbox 878 3827 1010 3872; x_wconf 95' lang='lat' dir='ltr'><strong>non</strong></span> <span class='ocrx_word' id='word_1_224' title='bbox 1078 3807 1271 3872; x_wconf 74' lang='lat' dir='ltr'><strong>licet·</strong></span> <span class='ocrx_word' id='word_1_225' title='bbox 1353 3805 1628 3870; x_wconf 89' lang='lat' dir='ltr'><strong>Orellius</strong></span> <span class='ocrx_word' id='word_1_226' title='bbox 1697 3804 1749 3887; x_wconf 94' lang='lat' dir='ltr'><strong>(I</strong></span> <span class='ocrx_word' id='word_1_227' title='bbox 1816 3825 1876 3889; x_wconf 93' lang='lat' dir='ltr'><strong>p.</strong></span> <span class='ocrx_word' id='word_1_228' title='bbox 1927 3802 2033 3883; x_wconf 86' lang='lat'><strong>30)</strong></span> <span class='ocrx_word' id='word_1_229' title='bbox 2103 3821 2187 3866; x_wconf 84' lang='lat' dir='ltr'><strong>ex</strong></span> <span class='ocrx_word' id='word_1_230' title='bbox 2245 3800 2288 3863; x_wconf 83' lang='lat' dir='ltr'>J</span> <span class='ocrx_word' id='word_1_231' title='bbox 2292 3798 2593 3864; x_wconf 88' lang='lat' dir='ltr'><strong>amblichi</strong></span> 
     </span>
    </p>
   </div>
   <div class='ocr_carea' id='block_1_9' title="bbox 499 3905 2592 4101">
    <p class='ocr_par' dir='ltr' id='par_1_13' title="bbox 499 3905 2592 4101">
     <span class='ocr_line' id='line_1_33' title="bbox 500 3905 2592 3994; baseline -0.004 -20"><span class='ocrx_word' id='word_1_232' title='bbox 500 3909 763 3977; x_wconf 71' lang='lat' dir='ltr'><strong>Adhort.</strong></span> <span class='ocrx_word' id='word_1_233' title='bbox 811 3912 891 3977; x_wconf 90' lang='lat' dir='ltr'><strong>ad</strong></span> <span class='ocrx_word' id='word_1_234' title='bbox 933 3912 1172 3976; x_wconf 85' lang='lat' dir='ltr'><strong>Philos.</strong></span> <span class='ocrx_word' id='word_1_235' title='bbox 1223 3911 1287 3976; x_wconf 83' lang='lat' dir='ltr'><strong>C.</strong></span> <span class='ocrx_word' id='word_1_236' title='bbox 1331 3910 1395 3974; x_wconf 91' lang='lat' dir='ltr'><strong>II</strong></span> <span class='ocrx_word' id='word_1_237' title='bbox 1438 3931 1499 3994; x_wconf 91' lang='lat' dir='ltr'><strong>p.</strong></span> <span class='ocrx_word' id='word_1_238' title='bbox 1530 3911 1613 3975; x_wconf 83' lang='lat'><strong>15</strong></span> <span class='ocrx_word' id='word_1_239' title='bbox 1659 3908 1755 3972; x_wconf 85' lang='lat' dir='ltr'><strong>ed.</strong></span> <span class='ocrx_word' id='word_1_240' title='bbox 1794 3907 1875 3972; x_wconf 88' lang='grc' dir='ltr'><strong>Κ.</strong></span> <span class='ocrx_word' id='word_1_241' title='bbox 1923 3909 2015 3971; x_wconf 83' lang='lat' dir='ltr'><strong>ita</strong></span> <span class='ocrx_word' id='word_1_242' title='bbox 2059 3905 2286 3971; x_wconf 83' lang='lat' dir='ltr'><strong>edidit:</strong></span> <span class='ocrx_word' id='word_1_243' title='bbox 2335 3927 2592 3987; x_wconf 79' lang='grc' dir='ltr'><strong><em>κοσμη-</em></strong></span> 
     </span>
     <span class='ocr_line' id='line_1_34' title="bbox 499 4003 2586 4101; baseline -0.003 -22"><span class='ocrx_word' id='word_1_244' title='bbox 499 4016 651 4080; x_wconf 80' lang='grc' dir='ltr'><strong><em>τέον</em></strong></span> <span class='ocrx_word' id='word_1_245' title='bbox 697 4011 864 4101; x_wconf 80' lang='grc' dir='ltr'><strong><em>ἱερὸν</em></strong></span> <span class='ocrx_word' id='word_1_246' title='bbox 909 4018 1041 4100; x_wconf 77' lang='grc' dir='ltr'><strong>μὲν</strong></span> <span class='ocrx_word' id='word_1_247' title='bbox 1086 4010 1508 4098; x_wconf 76' lang='grc' dir='ltr'><strong><em>ἀναθήμασι,</em></strong></span> <span class='ocrx_word' id='word_1_248' title='bbox 1573 4008 1698 4095; x_wconf 74' lang='grc' dir='ltr'><strong>τὴν</strong></span> <span class='ocrx_word' id='word_1_249' title='bbox 1760 4009 1829 4076; x_wconf 78' lang='grc' dir='ltr'><strong>δὲ</strong></span> <span class='ocrx_word' id='word_1_250' title='bbox 1889 4006 2106 4097; x_wconf 70' lang='grc' dir='ltr'>ψυχήν</span> <span class='ocrx_word' id='word_1_251' title='bbox 2150 4003 2586 4094; x_wconf 75' lang='grc' dir='ltr'><strong><em>μαθήμασιν.</em></strong></span> 
     </span>
    </p>
   </div>
   <div class='ocr_carea' id='block_1_10' title="bbox 661 4169 2593 4362">
    <p class='ocr_par' dir='ltr' id='par_1_14' title="bbox 678 4169 2593 4362">
     <span class='ocr_line' id='line_1_35' title="bbox 1451 4169 1622 4235; baseline -0.013 0"><span class='ocrx_word' id='word_1_252' title='bbox 1451 4169 1622 4235; x_wconf 91' lang='lat' dir='ltr'><strong>VIII.</strong></span> 
     </span>
     <span class='ocr_line' id='line_1_36' title="bbox 661 4266 2593 4362; baseline -0.005 -20.92"><span class='ocrx_word' id='word_1_253' title='bbox 661 4272 759 4341; x_wconf 87' lang='lat' dir='ltr'><strong>‘H</strong></span> <span class='ocrx_word' id='word_1_254' title='bbox 807 4281 938 4341; x_wconf 83' lang='grc' dir='ltr'><strong>τῶν</strong></span> <span class='ocrx_word' id='word_1_255' title='bbox 984 4272 1425 4362; x_wconf 81' lang='grc' dir='ltr'><strong><em>περιστάσεων</em></strong></span> <span class='ocrx_word' id='word_1_256' title='bbox 1473 4269 1725 4361; x_wconf 77' lang='grc' dir='ltr'><strong><em>ἀνάγκη</em></strong></span> <span class='ocrx_word' id='word_1_257' title='bbox 1772 4266 1929 4343; x_wconf 76' lang='grc' dir='ltr'><strong><em>τοῦς</em></strong></span> <span class='ocrx_word' id='word_1_258' title='bbox 1973 4271 2097 4352; x_wconf 78' lang='grc' dir='ltr'><strong>μὲν</strong></span> <span class='ocrx_word' id='word_1_259' title='bbox 2145 4268 2371 4358; x_wconf 79' lang='grc' dir='ltr'><strong><em>φίλους</em></strong></span> <span class='ocrx_word' id='word_1_260' title='bbox 2418 4266 2593 4332; x_wconf 82' lang='grc' dir='ltr'><strong><em>δοκι-</em></strong></span> 
     </span>
    </p>
   </div>
   <div class='ocr_carea' id='block_1_11' title="bbox 498 4359 2211 4541">
    <p class='ocr_par' dir='ltr' id='par_1_15' title="bbox 498 4359 2211 4541">
     <span class='ocr_line' id='line_1_37' title="bbox 498 4359 1652 4469; baseline -0.003 -24"><span class='ocrx_word' id='word_1_261' title='bbox 498 4378 714 4465; x_wconf 77' lang='grc' dir='ltr'><strong><em>μάζει,</em></strong></span> <span class='ocrx_word' id='word_1_262' title='bbox 763 4378 919 4455; x_wconf 81' lang='grc' dir='ltr'><strong>τούς</strong></span> <span class='ocrx_word' id='word_1_263' title='bbox 964 4379 1031 4447; x_wconf 81' lang='grc' dir='ltr'><strong>δὲ</strong></span> <span class='ocrx_word' id='word_1_264' title='bbox 1079 4359 1356 4469; x_wconf 65' lang='grc' dir='ltr'><strong><em>ἐχθᾷοὐς</em></strong></span> <span class='ocrx_word' id='word_1_265' title='bbox 1401 4378 1652 4466; x_wconf 75' lang='grc' dir='ltr'><strong>ἐλέγχει.</strong></span> 
     </span>
     <span class='ocr_line' id='line_1_38' title="bbox 2165 4499 2211 4541; baseline -0.043 0"><span class='ocrx_word' id='word_1_266' title='bbox 2165 4499 2211 4541; x_wconf 85' lang='lat'><strong>11</strong></span> 
     </span>
    </p>
   </div>
  </div>
 </body>
</html>
