3099 5241
535 377 723 434 xxrv‘
916 425 931 432 -
1014 361 1023 370 ’
1308 373 1854 432 Pnonseomnm

545 519 949 635 Τιμωνίὸἧν·
1022 554 1183 630 ,πῶς
1249 546 1308 613 δ’
1385 545 1471 614 ἄν
1537 583 1617 597 --
1685 546 1939 634 γυναικὶ
2014 548 2354 625 πεισθείς.
2448 570 2617 619 nuno

530 674 778 740 quoque
823 654 1102 720 dubitari
1144 671 1331 736 posse
1356 670 1539 748 xnego
1587 654 1738 736 quin
1783 655 1956 737 prior
2000 655 2114 720 ille
2162 655 2393 740 Lysiae
2435 655 2622 722 locus

534 778 630 843 ap.
689 758 928 825 Suidan
984 778 1034 823 s.
1082 753 1685 845 Ἐσχηματισμένος
1739 758 1902 824 item
1956 778 1990 823 e
2058 760 2290 843 Lysiae
2336 761 2616 826 emtione

534 865 601 929 in
668 863 1067 929 Timonidem
1135 863 1501 944 depromtus
1571 862 1675 927 sit.
1765 865 1832 927 at
1892 863 2111 929 debuit
2171 862 2400 929 Suidas
2437 861 2618 947 πρὸς

546 964 930 1051 Τιμωνίδην
952 966 1247 1044 scribere,
1291 984 1439 1032 vere
1462 966 1684 1049 opinor
1705 967 1947 1033 nonita
1985 968 2257 1051 scripsit.
2334 970 2622 1050 praestat

537 1071 707 1137 enim
768 1071 1001 1137 Suidee
1061 1089 1250 1136 suum
1307 1070 1432 1137 sibi
1477 1089 1756 1137 errorem
1823 1072 1896 1135 ἐν
1949 1075 2039 1156 τῷ
2092 1067 2259 1155 πρὸς
2339 1070 2616 1156 Τίμωνα

533 1176 910 1259 relinquere.
1014 1175 1119 1241 vel
1185 1176 1252 1241 in
1316 1174 1416 1241 his
1485 1175 1773 1240 Timonis
1839 1174 2029 1240 rebus
2097 1175 2328 1242 Suidas
2394 1175 2612 1261 magni

496 1280 813 1363 sstuporis
883 1281 1335 1347 documentum
1398 1280 1617 1345 edidit.
1734 1280 1843 1362 qui
1910 1298 2107 1362 quum
2162 1280 2227 1344 in
2296 1278 2617 1362 Aristoph.

535 1383 698 1450 Avv.
762 1383 928 1450 1549
985 1384 1254 1468 legisset
1326 1380 1559 1467 Τίμων
1612 1379 1914 1467 καθαρός
1972 1384 2015 1449 i.
2063 1402 2117 1448 e.
2164 1403 2380 1466 ‚purus
2422 1386 2618 1466 putus

538 1488 785 1554 Timon‘
830 1488 935 1572 (ut
977 1486 1379 1570 Antiphanes
1423 1489 1492 1553 in
1534 1488 1735 1553 Bekk.
1780 1486 2017 1554 Anecd.
2061 1508 2121 1570 p.
2173 1487 2317 1566 105,
2363 1487 2405 1553 5
2462 1488 2621 1554 dixit

538 1588 837 1677 καθαρὸς
896 1589 1152 1668 δοῦλος,
1213 1592 1382 1675 quod
1440 1593 1799 1658 Meinekius
1857 1593 1924 1657 in
1984 1593 2240 1677 Fragm.
2289 1592 2460 1658 Gom.
2506 1594 2620 1659 III.

539 1716 602 1781 p.
647 1698 689 1763 6
733 1697 894 1762 bene
939 1696 1455 1780 interpretatur->z
1512 1695 1743 1762 Suidas
1802 1714 1930 1762 non
1990 1697 2334 1764 intellecto¹
2366 1696 2619 1763 Aristo-

536 1801 747 1884 phane
814 1801 908 1866 ita
974 1800 1248 1883 scripsit,
1329 1798 1588 1883 Τίμωνι
1660 1797 1879 1884 ὄνομα
1949 1796 2198 1884 κύριον,
2276 1798 2311 1863 ὁ
2378 1796 2624 1884 μισάν-

539 1909 816 1989 θρωπος
877 1900 1302 1988 καλούμενος.
1395 1896 1495 1986 ἦν
1558 1901 1639 1969 δὲ
1695 1900 2076 1988 καθαρός.
2165 1905 2334 1971 hunc
2389 1905 2622 1971 Suidae

540 2012 866 2094 stuporem
909 2008 990 2075 ab
1037 2009 1110 2074 T.
1154 2008 1644 2074 Hemsterhusio
1691 2012 1757 2074 et
1800 2010 1877 2075 R.
1924 2010 2207 2076 Porsono
2264 2013 2404 2075 tam
2460 2009 2622 2075 bene

540 2115 931 2198 castigatum
971 2113 1113 2195 quis
1156 2113 1261 2178 vel
1306 2112 1516 2179 verbis
1564 2113 1828 2198 obtegat
1884 2114 1988 2179 vel
2032 2115 2207 2180 mala
2252 2113 2624 2198 conjecturs

539 2218 750 2297 tollat,
794 2218 921 2283 nisi
945 2218 1053 2300 qui
1076 2216 1243 2283 forte
1265 2214 1566 2300 καθαρὸς
1584 2214 1870 2291 Σουίὸας
1913 2218 2117 2283 videri
2160 2219 2319 2284 velit
2335 2222 2369 2284 Ρ
2416 2218 2618 2283 enim-
2707 2225 2716 2230 ’

538 2340 686 2387 vero
731 2322 897 2387 illud
937 2322 1130 2405 plane
1173 2322 1240 2387 in
1286 2322 1503 2388 ocuios
1547 2322 1838 2399 incurrit,
1884 2322 2291 2387 Timonidem
2336 2322 2624 2389 Timonis

537 2425 868 2491 hominum
934 2425 1134 2491 osoris
1201 2424 1409 2490 filium
1464 2426 1647 2490 nullo
1713 2427 1902 2491 modo
1971 2426 2188 2491 fuisse.
2293 2426 2623 2491 verissime

520 2530 710 2595 ‘enim
761 2529 901 2612 jam
959 2528 1272 2612 Sauppius
1328 2529 1396 2593 in
1452 2530 1711 2613 Fragm.
1775 2529 1980 2596 Oratt.
2028 2529 2162 2596 Att.
2208 2548 2268 2612 p.
2315 2529 2446 2595 205
2508 2549 2622 2596 ne·

538 2634 700 2701 scire
746 2653 814 2700 se
858 2634 1183 2717 professus
1231 2637 1347 2713 est,
1408 2636 1578 2700 unde
1638 2635 1952 2719 Bergkius
2000 2634 2127 2719 (De
2174 2633 2353 2700 Gom.
2398 2634 2621 2718 Antiq.

532 2759 592 2823 p.
638 2738 763 2804 371
812 2736 977 2822 not.)
1021 2741 1086 2804 et
1131 2737 1462 2804 Scheibius
1509 2740 1606 2824 (in
1627 2738 1816 2804 Jahn.
1862 2740 2072 2806 annal.
2117 2740 2244 2805 vol.
2268 2738 2349 2804 31
2378 2758 2439 2822 p.
2463 2738 2624 2822 381)

534 2842 907 2909 resciverint
930 2842 1331 2909 Timonidem
1357 2860 1523 2921 eum,
1570 2843 1639 2907 in
1681 2860 1877 2926 quem
1900 2842 2129 2926 Lysiae
2176 2843 2378 2909 oratio
2403 2842 2624 2908 habita

536 2951 655 3027 est,
699 2947 906 3012 filium
950 2946 1149 3012 fuisse
1173 2946 1459 3012 Timonis
1503 2945 1837 3012 hominum
1887 2947 2089 3012 osoris
2105 2945 2197 3023 d³³⁴).
2289 2947 2402 3012 sed
2426 2934 2620 3029 quum

536 3050 958 3118 Athenienses
1002 3051 1158 3118 victi
1203 3054 1416 3117 essent
1459 3053 1525 3116 et
1568 3050 1729 3117 belli
1774 3051 1965 3117 malis
2010 3050 2092 3115 ad
2148 3050 2379 3116 incitas
2422 3069 2632 3133 paene

539 3157 799 3236 redacti,
845 3155 1090 3221 factum
1136 3159 1253 3234 est,
1298 3159 1373 3222 ut
1416 3155 1715 3222 nonnulli
1775 3155 1872 3238 (et
1914 3156 1989 3220 ut
2033 3154 2256 3237 opinor
2297 3155 2624 3238 pauperri-

541 3278 684 3327 mus
763 3258 1058 3344 quisque)
1125 3259 1411 3327 Timonis
1495 3260 1736 3325 victum
1817 3260 2188 3342 cultumque
2254 3260 2361 3325 vel
2441 3259 2627 3325 inviti

544 3366 986 3446 sequerentur:
1031 3364 1101 3428 iu
1143 3381 1301 3446 quos
1346 3364 1521 3447 ipsos
1542 3364 1771 3448 Lysias
1815 3363 1942 3449 (ap.
1968 3363 2206 3430 Suidan
2230 3383 2279 3429 s,
2294 3359 2627 3451 Ἑσχημα-

540 3465 874 3550 τισμένος)
920 3468 1019 3534 vir
1063 3468 1239 3535 dives
1284 3468 1511 3535 acerbe
1557 3468 1897 3535 invehitur.
1985 3467 2138 3551 quin
2197 3468 2395 3533 etiam
2438 3471 2627 3534 antea

542 3570 716 3637 bello
760 3571 966 3637 adhuc
1010 3573 1332 3639 saeviente
1378 3573 1582 3639 talem
1627 3572 1914 3638 Timonis
1960 3572 2352 3638 imitatorem
2392 3572 2492 3639 Ol.
2517 3571 2623 3651 91,

686 3793 741 3860 *)
776 3795 953 3863 Quum
986 3799 1164 3853 tamen
1212 3796 1422 3863 finti-es,
1472 3798 1653 3868 patres
1689 3796 1892 3869 filiique
1924 3797 2156 3853 Athenis
2209 3813 2366 3867 saepe
2415 3796 2630 3851 nomina

547 3883 847 3939 invenerint
878 3882 949 3938 ad
983 3883 1241 3952 originem
1275 3884 1418 3939 inter
1454 3900 1514 3939 se
1554 3883 1840 3950 simillima,
1874 3884 2042 3940 voluti
2081 3886 2285 3952 Τίμων,
2330 3885 2623 3952 Τίμαρχος,

549 3965 880 4043 Τίμοςνὸροσ,
919 3970 1004 4024 vel
1038 3970 1117 4025 sic
1150 3970 1424 4040 probabile
1461 3973 1561 4035 est,
1599 3970 1928 4026 'simonidem
1952 3971 2170 4026 fratrem
2201 3971 2375 4049 nostri
2392 3972 2627 4026 Timonis

545 4074 672 4112 sane
706 4057 893 4112 fuisse.
969 4060 1201 4112 ceterum
1236 4075 1407 4130 neque
1443 4056 1508 4113 de
1542 4058 1645 4112 hac
1678 4074 1737 4112 re
1770 4074 1941 4128 neque
1977 4058 2042 4112 de
2073 4058 2182 4112 filio
2203 4058 2439 4112 Timonis
2457 4058 2630 4112 nostri

548 4145 827 4200 Timonide
862 4143 1150 4215 quidquam
1182 4146 1441 4200 traditum
1475 4146 1576 4200 est.
1649 4162 1812 4215 quum
1863 4148 2040 4199 autem
2073 4144 2444 4199 meretricibus
2480 4143 2626 4198 dedi-

547 4235 638 4285 tus
676 4230 866 4286 Timon
899 4230 1064 4286 fuerit
1096 4248 1267 4302 neque
1302 4249 1535 4302 unquam
1568 4247 1783 4287 uxorem
1818 4230 2053 4285 duxerit:
2087 4247 2305 4286 necesse
2340 4233 2426 4285 est
2457 4229 2628 4285 filium

548 4318 597 4372 si
629 4334 788 4388 quem
823 4317 1022 4372 habuit
1054 4320 1299 4389 spurium
1331 4317 1514 4375 fuisse.
