3099 5241
589 355 686 427 38
1413 386 1843 438 ΛοτΚιΑΝοτ

441 569 546 624 236
580 556 813 625 ΗΡΑ.
879 554 1040 623 κατὰ
1096 556 1181 637 τί,
1245 551 1294 623 ὦ
1350 553 1792 642 ἑμβρόντητες
1845 554 1891 641 ἢ
1952 554 2117 623 διότι
2172 581 2243 623 σε
2302 559 2344 598 ⁴*
2400 555 2435 623 ὃ
2480 556 2658 632 Ζεύς

579 658 1015 747 ἐκεραύνωσεν
1074 662 1118 726 ἅ
1172 658 1271 754 ug}
1328 662 1530 747 θέμις
1583 666 1930 740 ποιοῦντα,
1993 667 2115 728 νῦν
2174 660 2244 728 δὲ
2289 666 2430 726 κατ’
2477 661 2654 726 ἔλεον

581 759 779 838 αὖθις
823 763 1197 839 ἀθανασίας
1230 765 1667 851 μετείληφας,
1711 765 1939 831 ΑΣΚ.
1990 765 2358 849 ἐπιλέλησαι
2390 761 2514 853 γὰρ
2546 765 2656 830 καὶ

582 865 684 946 σύ,
745 862 793 934 ὦ
826 866 1187 955 “Ηράκλεις,
1238 873 1305 935 ἐν
1349 875 1430 957 τῇ
1474 869 1644 958 Οἴτῃ
1689 869 2124 957 καταφλεγείς,
2177 869 2275 934 ὅτι
2319 893 2440 953 μοι
2485 866 2655 935 ὀνει-

580 971 767 1052 δίζεις
818 971 895 1039 τὸ
953 979 1087 1059 πῦρ
1104 1000 1129 1054 ,-
1187 974 1419 1040 ΗΡΑ.
1489 971 1731 1039 οὔκουν
1788 975 1897 1038 ἴσα
1952 974 2059 1038 καὶ
2106 973 2308 1059 ὅμοια
2350 973 2655 1059 βεβίωται

576 1074 765 1161 ἡμῖν·
840 1075 912 1150 ὂς
966 1074 1126 1151 Διὸς
1188 1079 1318 1164 μὲν
1382 1074 1523 1153 υἱός
1590 1080 1746 1163 εἰμι,
1817 1084 2107 1144 τοσαῦτα
2179 1076 2249 1142 δὲ
2306 1066 2655 1161 πεπόνηκα

578 1180 985 1265 ἐκκαθαίρων
1019 1178 1139 1248 τὸν
1168 1180 1340 1266 βίον,
1391 1180 1601 1271 θηρία
1631 1180 2232 1269 καταγωνιζόμενος
2262 1179 2368 1245 καὶ
2393 1176 2657 1266 ἀνθρώ-

577 1307 765 1358 πους,
809 1281 1118 1370 ὑβριστὰς
1174 1281 1693 1371 τιμωρούμενος.
1771 1283 1852 1351 σύ
1908 1285 1979 1352 δὲ
2038 1282 2383 1371 ῥιζοτόμος
2439 1282 2502 1349 εἲ
2548 1283 2658 1349 καὶ

578 1386 862 1477 ἀγύρτης
907 1394 1176 1455 νοσοῦσι
1218 1392 1349 1473 μὲν
1394 1391 1544 1470 ἴσως
1590 1387 1973 1475 ἀνθρώποις
2014 1386 2332 1478 χρήσιμος
2377 1392 2466 1462 εἷς
2512 1387 2655 1454 ἐπί-

577 1498 772 1559 θεσιν
801 1498 932 1558 τῶν
959 1492 1344 1578 φαρμάκων,
1390 1491 1714 1579 ἀνδρῶδες
1740 1493 1810 1560 δὲ
1834 1492 1988 1561 οὐδὲ
2010 1501 2085 1560 ἓν
2107 1491 2647 1582 ἐπιδεδειγμένος.

439 1615 541 1669 237
579 1601 640 1664 2.
699 1597 925 1663 ΑΣΚ.
994 1592 1062 1662 εὖ
1108 1598 1329 1687 λέγεις,
1382 1598 1482 1664 ὅτι
1526 1622 1651 1663 σου
1692 1595 1773 1662 τά
1819 1595 2196 1684 ἐγκαύματα
2244 1599 2281 1639 *
2328 1594 2647 1681 ἰασάμην,

577 1701 685 1767 ὅτε
740 1697 969 1786 πρώην
1028 1699 1315 1787 ἀνῆλθες
1368 1699 1784 1787 ἡμίφλεκτος,
1858 1700 1975 1767 ὑπ’
2037 1701 2290 1788 ἀμφοῖν
2337 1700 2653 1786 διεφθαρ-

572 1804 777 1889 μένος
842 1801 918 1870 τό
987 1811 1180 1891 σῶμα
1239 1806 1344 1870 καὶ
1404 1810 1520 1871 τοῦ
1584 1810 1849 1894 χιτῶνος
1906 1804 2012 1869 καὶ
2065 1803 2233 1892 μετὰ
2293 1810 2489 1871 τοῦτο
2533 1809 2649 1870 τοῦ

575 2054 630 2105 et
665 2068 762 2120 ego
806 2051 865 2105 in
898 2052 1068 2120 prima
1114 2050 1194 2104 ed.
1243 2054 1298 2105 et
1331 2067 1537 2105 mecum
1571 2050 1780 2104 Bekker
1822 2055 1915 2101 καὶ
1960 2048 2067 2120 γὰρ
2106 2048 2376 2118 (‚etenim‘)
2414 2047 2655 2116 ἀμείνων
2766 2111 2784 2119 -

572 2138 881 2207 recepimus,
955 2136 1049 2191 sed
1084 2150 1247 2205 quum
1281 2136 1440 2191 hodie
1476 2154 1538 2190 ex
1575 2137 1788 2206 optimis
1823 2137 1976 2191 libris
2013 2142 2106 2188 καὶ
2146 2134 2392 2204 ἀμείνων
2407 2134 2511 2207 γάρ
2531 2153 2652 2206 pro-

573 2224 740 2279 latum
775 2224 875 2278 sit:
910 2223 1089 2278 malim
1124 2223 1297 2278 deleto
1332 2224 1438 2278 isto
1475 2226 1574 2275 καί
1603 2224 1682 2277 ita
1702 2224 1961 2278 scribere:
1998 2222 2062 2290 νὴ
2104 2226 2230 2286 Δία,
2272 2221 2514 2290 ἀμείνων
2546 2220 2651 2292 γάρ

578 2306 712 2378 εἰμι,
752 2325 971 2381 prorsus
1007 2312 1070 2364 ut
1102 2310 1161 2363 in
1194 2310 1230 2364 1.
1269 2312 1442 2364 exstat
1475 2310 1685 2379 gemino
1721 2312 1788 2364 D.
1816 2312 1973 2365 Mort.
1992 2310 2120 2375 XII,
2160 2313 2217 2365 1:
2254 2307 2350 2377 ἐμὲ
2390 2306 2482 2362 δεῖ
2510 2328 2650 2379 προ-

574 2399 872 2465 κεκρίσθαι
908 2415 1026 2462 σου,
1066 2386 1110 2447 ὦ
1131 2398 1303 2465 Λίβυ·
1345 2394 1589 2464 ἀμείνων
1606 2395 1710 2466 γάρ
1750 2392 1882 2465 εἶμι.
2030 2387 2075 2447 ὦ
2111 2413 2196 2451 om
2215 2397 2275 2450 F.
2416 2394 2454 2463 ἢ
2480 2393 2650 2465 διότι]

573 2482 612 2551 ἢ
647 2482 735 2536 ὅτι
779 2484 890 2538 RF.
961 2486 1019 2537 at
1050 2482 1187 2537 illud
1233 2486 1317 2537 est
1363 2484 1422 2537 in
1465 2483 1692 2552 geminis
1741 2484 1799 2538 11.
1835 2485 1902 2537 D.
1940 2484 2005 2536 D.
2043 2483 2118 2549 H,
2158 2485 2203 2548 1,
2255 2483 2455 2537 Piscat.
2502 2482 2533 2549 ἓ
2569 2485 2652 2548 37,

573 2571 861 2627 Anachare.
899 2570 930 2638 ἐ
966 2573 1015 2636 9,
1050 2571 1131 2625 De
1163 2569 1339 2625 Luctu
1374 2570 1406 2639 ἐ
1446 2573 1527 2628 16.
1704 2570 1801 2622 νῦν
1838 2564 1920 2638 δὲ]
1973 2564 2034 2622 δὲ
2070 2585 2155 2624 om
2186 2573 2248 2622 Ψ.
2425 2569 2532 2640 γὰρ
2569 2586 2654 2624 om

574 2659 634 2713 F.
778 2648 825 2709 ὦ
847 2653 1116 2727 ἽΙρακλες
1148 2656 1390 2714 ΒΑΟΔἋ
1427 2661 1481 2712 et
1499 2676 1547 2722 v,
1574 2653 1866 2727 Ἡράκλεις
1887 2657 1998 2722 ΩΒ,
2036 2647 2080 2708 ὦ
2107 2652 2415 2725 Ἡράκλεις,
2453 2660 2517 2710 ut
2545 2657 2654 2726 jam

575 2745 699 2800 olim
735 2744 896 2810 edidi,
931 2744 1109 2798 nullus
1146 2743 1323 2810 codex,
1358 2745 1465 2799 nisi
1499 2733 1638 2798 ferte
1681 2748 1742 2797 Ψ.
1886 2740 2180 2805 ὀνειδίξεις
2213 2743 2263 2797 Α
2300 2742 2399 2810 (ita
2431 2741 2521 2811 A),
2560 2742 2654 2797 sed

576 2827 868 2894 ὀνειδίζεις
900 2831 945 2885 F
981 2830 1089 2904 (ita.
1116 2829 1183 2899 F)
1217 2832 1275 2885 et
1306 2849 1353 2886 v.
1520 2829 1723 2883 οὐκοῦν
1756 2830 1817 2885 F.
1984 2830 2074 2882 ἴσα
2123 2829 2350 2894 codices,
2400 2826 2492 2882 ἶσα
2537 2828 2653 2883 edd.

573 2921 700 2973 vett.
852 2912 1125 2986 vooafitoe}
1160 2935 1403 2970 τοσαυτα
1437 2916 1503 2973 A.
1651 2913 1710 2969 δὲ
1747 2913 2056 2984 πεπόνηκα]
2097 2911 2156 2969 δέ
2196 2913 2547 2982 ἕκπεπόνηκα
2581 2916 2648 2978 Ω,

575 3002 925 3071 ἕκπεπόνηκα
961 3001 1071 3074 (om
1090 2999 1173 3071 δὲ)
1193 2985 1282 3057 ἶυ.
1425 3001 1844 3074 τιμωρούμενος
1861 3031 1929 3040 -
1950 3000 2298 3074 ἀνθρώποις]
2322 3002 2454 3057 haec
2475 3018 2562 3056 om
2581 3003 2647 3054 Ω.

575 3089 827 3162 ἀγύρτης]
867 3088 1139 3161 ἀγύρτοις.
1179 3091 1240 3145 F.
1398 3089 1629 3144 νοσοῦσι
1662 3090 1766 3157 μὲν
1802 3090 1930 3146 ἴσως
1966 3087 2160 3160 ἀνθρ]
2195 3095 2290 3141 καὶ
2326 3085 2654 3157 ἀνθρώποις

574 3178 798 3231 νοσοῦσι
836 3176 903 3244 21,
939 3173 1231 3233 ἀναθλίοις
1267 3173 1328 3229 δὲ
1366 3177 1492 3233 ἴσως
1528 3175 1856 3245 ἀνθρώποις
1889 3177 1949 3231 F.
2088 3173 2356 3247 χρήσιμος
2398 3173 2653 3228 ἕπιθέσει

575 3264 720 3323 ἓῑΩΕ
755 3268 811 3320 et·
844 3281 933 3320 sec
966 3282 1020 3319 m
1053 3269 1116 3331 A,
1151 3261 1419 3334 χρήσιμος
1455 3261 1721 3330 ἐπιθήσει
1763 3268 1821 3316 Ψ
1847 3266 1903 3318 et
1935 3280 2002 3334 pr
2033 3280 2087 3318 m
2121 3265 2186 3326 A,
2228 3261 2497 3334 χρήσιμος
2532 3259 2651 3315 ἑπι-

574 3351 778 3421 θήσειν
812 3352 954 3407 BAC
988 3354 1045 3407 et
1076 3370 1125 3418 v,
1171 3350 1350 3405 futuro
1399 3351 1597 3428 inepte.
1668 3351 1935 3421 scriptura
1971 3349 2226 3403 ἐπιθέσει
2274 3351 2340 3404 ob
2389 3349 2652 3419 duplicem

575 3440 810 3495 dativum
841 3439 1122 3509 reprobata
1150 3438 1361 3508 suscepi
1393 3439 1587 3492 bonam
1621 3438 2039 3492 emendationem
2073 3436 2263 3492 Cobeti
2278 3438 2345 3492 V.
2365 3437 2427 3491 L.
2446 3453 2500 3506 p.
2519 3437 2651 3492 228:

573 3524 840 3596 χρήσιμος
886 3519 962 3580 εἷς
1009 3523 1264 3584 ἐπίθεσιν
1304 3525 1536 3594 itemque
1583 3523 1839 3579 Dindorfi.
1909 3525 1990 3578 ita
2035 3524 2265 3578 comicus
2314 3540 2396 3593 ap.
2446 3522 2643 3577 Athen.

574 3615 635 3669 H
666 3631 719 3683 p.
759 3615 843 3677 36,
878 3610 995 3680 a(v.
1017 3608 1072 3679 6)
1108 3611 1173 3665 de
1207 3611 1356 3665 vino}
1394 3605 1470 3667 εἷς
1502 3609 1607 3677 τὴν
1643 3605 1898 3681 ἰατρικήν
1931 3630 1992 3664 τε
2027 3607 2466 3680 χρησιμώτατον.
2536 3609 2653 3680 ipse

575 3704 752 3755 tamen
770 3699 1001 3754 scribere
1017 3698 1219 3753 malim:
1254 3695 1522 3766 χρήσιμος
1553 3696 1696 3768 πρὸς
1721 3696 1995 3760 ἐπίθεσιν,
2035 3697 2178 3767 quod
2204 3697 2370 3751 altero
2398 3696 2651 3750 usitatius

575 3790 673 3842 eet.
744 3786 863 3840 vide
897 3786 981 3841 vel
1012 3785 1198 3855 Eurip.
1236 3784 1449 3854 Hippol.
1485 3802 1532 3838 v.
1569 3786 1674 3841 482
1694 3801 1772 3854 eq.
1918 3779 2206 3855 ἀνδρῶδες
2242 3780 2302 3836 δὲ
2341 3778 2506 3834 οὐδὲν
2538 3782 2651 3853 ple-

573 3874 724 3943 rique
758 3873 885 3927 libri
919 3875 974 3926 et
1006 3891 1054 3936 V,
1092 3866 1376 3942 ἀνδρῶδες
1412 3865 1546 3924 οὖδέ
1585 3869 1646 3924 ’ἐν
1680 3870 1786 3938 (om
1823 3867 1906 3940 δὲ)
1943 3870 2008 3929 21.
2083 3874 2138 3926 et
2173 3865 2307 3924 οὐδὲ
2346 3867 2406 3924 ἓν
2439 3869 2653 3941 quidem

573 3976 669 4029 pro
705 3954 871 4011 οὐδὲν
903 3959 1089 4027 recepi.

715 4065 765 4118 2.
806 4056 809 4058 ’
841 4052 920 4130 εὖ]
961 4059 1105 4119 02313'.
1248 4062 1335 4115 ὅτι
1373 4059 1496 4132 σου]
1518 4059 1608 4115 ὅτι
1633 4062 1731 4114 σοῦ
1752 4062 1817 4117 A.
1965 4059 2387 4131 διεφθαρμένος
2401 4061 2653 4118 ΒΑΔΨΠ

577 4153 633 4205 et
663 4154 794 4220 puto
830 4150 923 4203 alii
947 4148 1155 4203 codices
1191 4152 1247 4204 et
1281 4149 1397 4204 edd.
1436 4165 1616 4203 omnes
1651 4152 1774 4203 ante
1791 4149 2122 4219 Popponem;
2160 4143 2490 4216 διεφθορώς
2508 4145 2650 4204 ἓῑΩΡ

577 4253 699 4292 cum
745 4236 947 4291 Thema.
988 4253 1040 4305 p.
1078 4237 1162 4300 88,
1207 4238 1259 4293 8.
1405 4234 1472 4288 τὸ
1521 4234 1683 4303 σῶμα
1731 4233 1974 4292 211]ssAE
2018 4252 2138 4291 cum
2183 4235 2385 4290 Thema
2427 4234 2652 4299 ibidem;

577 4323 654 4392 τῷ
694 4321 908 4391 σώματι
940 4322 1058 4378 ΑΨ
1084 4325 1139 4377 et
1170 4324 1302 4391 pum
1336 4322 1430 4377 alii
1464 4325 1520 4377 et
1554 4322 1670 4377 edd.
1707 4326 1832 4378 ante
1864 4323 2183 4394 Popponem.
2255 4339 2426 4392 neque
2459 4322 2651 4377 Lucia-
