3099 5241
579 338 771 401 XVIII
1347 341 1894 401 PROLEGOMENA
3033 295 3040 398 Ι

583 524 827 600 partem
853 518 1135 584 Rohdius
1168 518 1301 600 ipse
1326 518 1419 583 ita
1441 516 1853 600 comparavit,
1898 521 1970 583 ut
2015 521 2078 583 et
2099 518 2371 600 primam
2398 536 2659 585 manum

589 625 817 704 ubique
845 623 1180 704 dispiceret
1225 625 1289 687 et
1311 622 1648 706 diligentia
1689 622 1828 704 pari
1874 625 2262 689 scrutaretur
2295 624 2656 703 secundam,

585 730 657 790 de
707 748 827 808 qua
877 730 967 810 (in
1012 745 1276 792 censura
1319 727 1365 792 l.
1403 727 1448 790 1.
1472 745 1531 808 p.
1564 726 1723 808 491)
1769 726 2199 810 conjecturam
2244 728 2512 809 protulit
2555 728 2656 792 in-

587 834 927 914 geniosam.
999 849 1132 897 -nos
1177 831 1434 914 quidem
1463 848 1729 895 manum
1751 830 2019 897 dicimus
2040 832 2340 915 primam3
2387 832 2657 898 alteram

587 938 745 998 nihil
795 938 893 1000 hic
939 954 1276 1001 moramur.
1366 953 1442 1000 ac
1495 934 1677 1012 bene,
1739 934 1909 1018 quod
1950 936 2223 1014 videam,
2280 936 2552 1001 eundem
2597 940 2661 1001 et

583 1042 659 1102 ad
709 1042 977 1104 alteram
1021 1041 1336 1105 familiam
1382 1040 1705 1105 revocavit
1749 1041 1815 1104 et
1859 1039 2063 1122 primo
2107 1041 2249 1106 loco
2286 1040 2661 1123 posuit-hoc
3014 1021 3040 1191 ε

585 1146 843 1208 illorum
891 1145 1179 1212 codicum
1224 1144 1472 1210 ordine:
1520 1142 1589 1208 Γ
1590 1141 1870 1209 ΦΩΜΕ.
1932 1145 2095 1209 illud
2141 1149 2354 1209 tamen
2410 1145 2659 1211 Rohdio

583 1250 683 1310 vel
731 1250 991 1312 minime
1037 1248 1298 1315 concedi
1341 1267 1527 1331 posse
1574 1247 1866 1326 arbitror,
1934 1250 2101 1331 quod
2144 1249 2525 1315 Vaticanum
2570 1249 2655 1314 87

583 1352 691 1434 (a)
739 1356 931 1434 priori
977 1353 1258 1418 familiae
1304 1355 1613 1435 tanquam
1673 1353 1863 1436 longe
1910 1353 2223 1435 optimum
2267 1353 2657 1437 adjudicavit

581 1458 697 1520 hoc
747 1460 994 1522 ordine:
1042 1455 1359 1524 ΞΙΒΑΟΨ
1394 1456 1488 1541 (in
1534 1474 1801 1523 censura
1845 1457 1887 1522 l.
1933 1456 1974 1522 1.
2017 1476 2078 1538 p.
2108 1456 2238 1521 489
2284 1460 2350 1522 et
2393 1476 2449 1539 p.
2476 1456 2654 1540 491).

581 1564 853 1642 primum
883 1562 1050 1626 enirn
1093 1560 1242 1626 libri
1267 1558 1394 1627 Γὲί
1437 1560 1635 1625 toties
1677 1562 1814 1625 tam
1859 1560 2061 1626 amice
2106 1561 2272 1626 inter
2296 1579 2364 1626 se
2388 1579 2655 1626 consen-

581 1668 767 1742 tiunt,
831 1672 899 1728 ut
959 1665 1070 1730 uui
1130 1664 1413 1730 familiae
1472 1664 1659 1730 ambo
1720 1664 2164 1730 contribuendi
2224 1666 2383 1731 sint:
2432 1665 2657 1730 deinde

587 1772 777 1832 codex
825 1768 895 1844 sili,
969 1770 1075 1854 qui
1144 1773 1209 1834 et
1268 1768 1527 1835 scholiis
1574 1769 1852 1851 antiquis
1911 1772 1977 1833 et
2019 1769 2393 1851 plerumque
2452 1769 2660 1834 altera
3020 1722 3040 1832 'i

586 1894 777 1938 manu
827 1878 1018 1952 caret,
1080 1875 1222 1938 tum
1264 1872 1482 1956 paullo
1527 1873 1843 1938 recentior
1885 1891 2026 1938 esse
2070 1891 2261 1957 quam
2304 1872 2375 1937 Γ
2409 1873 2658 1939 videtur

581 1984 717 2042 tum
767 1984 933 2042 certe
981 1981 1077 2043 est
1119 1976 1243 2063 (uti
1276 1996 1444 2044 nunc
1467 1978 1725 2042 demum
1746 1975 2085 2061 perspicio)
2130 1977 2457 2059 aliquanto
2481 1977 2656 2041 dete·

585 2084 727 2146 rior.
823 2088 1020 2147 testor
1065 2082 1318 2148 crebras
1362 2081 1555 2165 hujus
1599 2082 1750 2148 libri
1794 2071 2334 2164 interpolationes,
2391 2100 2657 2164 quarum

583 2206 725 2266 pars
775 2192 1025 2250 tantum
1069 2186 1138 2251 in
1179 2185 1344 2251 libro
1389 2184 1458 2250 Γ
1494 2186 1827 2251 invenitur.
1916 2188 2004 2263 at,
2050 2186 2278 2251 dixerit
2321 2185 2655 2268 quispiam,

585 2290 711 2354 Fa
763 2292 947 2354 ambo
994 2291 1188 2356 etiam
1234 2309 1379 2355 cum
1421 2290 1630 2372 priore
1673 2289 1922 2356 familia
1966 2288 2224 2356 ΒΑΟΨ
2272 2308 2459 2372 saepe
2504 2307 2656 2354 con-

593 2396 863 2460 veniunt.
955 2413 1180 2477 nempe
1224 2395 1383 2460 haec
1424 2413 1528 2460 res
1574 2396 1715 2459 ideo
1748 2395 1978 2474 evenit,
2023 2396 2192 2477 quod
2235 2392 2364 2461 1⁷21
2408 2395 2655 2459 codices

585 2504 731 2562 sunt
779 2500 1015 2564 vetusti
1059 2503 1124 2564 et
1168 2499 1236 2565 in
1280 2499 1646 2565 universum
1689 2498 1860 2578 boni,
1907 2500 2175 2581 denique
2233 2517 2327 2577 eo,
2372 2500 2540 2581 quod
2582 2501 2656 2563 ut

585 2604 845 2686 quisque
907 2604 1098 2669 codex
1155 2604 1429 2670 maxime
1489 2606 1589 2670 est
1649 2604 1966 2687 antiquus,
2026 2603 2121 2669 ita
2175 2604 2522 2687 plurimum
2578 2620 2653 2667 ex

585 2728 707 2770 uno
757 2710 869 2770 illo
917 2709 1107 2774 traxit
1150 2708 1509 2792 archetypo.
1599 2727 1759 2791 quae
1806 2728 2001 2791 quum
2046 2709 2139 2774 ita
2170 2711 2317 2785 sint,
2364 2708 2659 2791 equidem

587 2815 705 2877 duo
787 2815 931 2877 illos
999 2813 1342 2879 Vaticanos
1395 2831 1535 2877 non
1602 2813 1685 2877 ad
1749 2812 2020 2894 priorem
2086 2810 2333 2877 ΒΑΟΨ
2401 2812 2512 2878 sed
2578 2812 2659 2877 ad

587 2919 857 2981 alteram
921 2919 1190 2984 classem
1233 2917 1354 2982 hoc
1399 2917 1619 2982 ordine
1662 2935 1922 2983 revoco:
1967 2914 2380 2984 ΓἏΦΩΜΕ.
2470 2919 2658 2999 atque

587 3023 741 3085 haec
803 3043 947 3085 vere
1008 3022 1178 3087 dicta
1237 3039 1374 3088 esse
1433 3022 1527 3092 ita
1571 3021 1639 3085 in
1684 3022 1902 3087 oculos
1948 3022 2245 3099 incurret,
2291 3021 2347 3085 si
2391 3011 2502 3086 aut
2545 3038 2657 3102 pro

593 3145 737 3189 vera
785 3129 1099 3207 scriptura
1141 3126 1433 3192 codicum
1476 3123 1737 3190 ΒΑΟΨ
1772 3125 1939 3191 falsa
1982 3126 2046 3190 in
2071 3123 2199 3193 T21
2243 3126 2348 3191 vel
2370 3143 2483 3207 pro
2507 3142 2657 3190 vera

585 3231 649 3293 in
695 3231 791 3293 his
841 3231 1007 3295 falsa
1049 3230 1116 3295 in
1159 3230 1292 3295 illis
1337 3229 1530 3295 lectio
1578 3229 1955 3295 creberrime
1998 3230 2377 3307 inveniatur,
2445 3232 2558 3294 aut
2603 3228 2657 3293 si

587 3355 749 3397 nunc
797 3335 861 3397 in
909 3334 1231 3399 alterutris
1277 3334 1452 3399 mala
1499 3334 1805 3399 correctio
1850 3352 2019 3400 nunc
2071 3334 2138 3399 in
2196 3334 2484 3417 utrisque
2526 3333 2658 3397 dis-

585 3441 753 3519 paris
801 3441 989 3519 plane
1034 3439 1285 3521 generis
1330 3438 1735 3520 interpolatio
1782 3457 1971 3521 saepe
2007 3438 2379 3520 reperiatur,
2424 3440 2537 3503 aut
2582 3438 2659 3514 si,

587 3545 753 3623 quod
801 3542 1246 3625 gravissimum
1293 3545 1409 3621 est,
1455 3561 1615 3625 quae
1663 3543 1855 3608 verba
1898 3544 1967 3607 in
1996 3540 2240 3608 ΒΑΟΨ
2274 3543 2443 3607 male
2489 3559 2660 3628 cxci·
2721 3540 2799 3588 N

593 3647 815 3721 dei-,int
867 3647 1088 3711 eadem
1132 3648 1199 3710 in
1244 3643 1370 3715 1721
1412 3648 1738 3728 praeclare
1783 3650 2034 3713 servata
2080 3647 2209 3712 sint
2251 3647 2357 3712 vel
2403 3647 2456 3711 si
2487 3646 2659 3711 acci-
2817 3635 2832 3654 ⁸

585 3753 745 3815 derit
817 3750 1216 3816 contrarium.
1305 3769 1575 3833 quorum
1636 3752 1919 3817 omnium
1975 3753 2136 3817 ratio
2198 3752 2264 3815 in
2323 3750 2539 3815 codice
2600 3748 2667 3814 Γ

583 3857 749 3919 haud
811 3857 995 3919 dubie
1055 3854 1134 3920 ab
1191 3855 1264 3919 E.
1309 3854 1557 3921 Rohdio
1605 3857 1929 3939 explorata
1974 3859 2093 3939 est,
2158 3874 2281 3937 quo
2339 3856 2505 3919 teste
2564 3853 2661 3918 uti
2861 3921 2865 3928 ,

585 3961 737 4023 licet
805 3961 1053 4025 oculato
1114 3958 1309 4043 (hunc
1354 3960 1525 4025 enim
1569 3960 1682 4026 ille
1747 3964 1885 4027 tam
1951 3960 2170 4025 doctus
2236 3960 2333 4024 vir
2377 3958 2661 4025 codicem
2846 3930 2870 3995 ‘¹

589 4065 661 4139 Γ,
713 4085 837 4127 non
885 4067 1039 4128 item
1084 4064 1358 4130 alterum
1403 4061 1460 4131 21
1502 4064 1639 4147 ipse
1685 4062 2023 4149 versavit);
2085 4064 2151 4128 in
2197 4064 2411 4129 codice
2458 4064 2659 4145 altero

585 4169 639 4235 2³1
707 4171 921 4233 eadem
983 4168 1142 4234 ratio
1205 4189 1238 4234 e
1297 4168 1490 4235 variis
1546 4168 1928 4236 lectionibus
1988 4168 2251 4252 hujusce
2319 4166 2659 4252 voluminis

585 4275 855 4339 dilucide
905 4274 1198 4357 cognosci
1241 4273 1493 4356 poterit.
