3099 5241
530 393 611 446 VI

531 574 876 662 laborant,
958 572 1028 641 id
1098 572 1280 660 quod
1352 571 1540 642 valet
1618 570 2053 662 potissimum
2133 571 2218 642 de
2300 572 2617 661 partibus

535 715 774 765 eorum
845 694 1204 764 extremis:
1274 693 1393 764 ubi
1462 698 1544 763 ut
1605 691 2167 763 Vindobonensis
2235 693 2619 764 sexcenties

534 813 947 905 conferatur,
1020 835 1226 904 saepe
1297 820 1526 885 tamen
1599 814 1840 884 eadem
1908 813 1980 883 in
2050 814 2299 885 menda
2369 815 2617 886 cubare

536 958 670 1026 qua
731 936 1000 1007 codices
1064 935 1312 1024 reliqui
1373 936 1781 1007 invenietur.
1904 933 2158 1006 Restat
2221 934 2618 1027 ,Gataplus‘,

535 1059 605 1128 in
658 1079 794 1147 quo
848 1079 1027 1128 nunc
1079 1055 1643 1129 Vindobonensis
1695 1057 1762 1126 B
1816 1058 2089 1128 omnino
2144 1079 2281 1128 non
2343 1057 2618 1148 legitur.

534 1177 824 1249 Illorum
905 1184 1137 1250 autem
1216 1178 1528 1251 codicum
1607 1179 1723 1267 qui
1787 1178 2196 1269 ,Gataplum‘
2264 1199 2431 1250 vere
2504 1200 2620 1250 ex-

537 1300 810 1390 hibent,
891 1299 1073 1371 infra
1137 1322 1205 1390 p.
1274 1301 1423 1373 120
1496 1305 1570 1370 et
1637 1301 1918 1371 uberius
1990 1323 2057 1390 p.
2127 1301 2273 1373 157
2348 1302 2623 1371 nomina

539 1421 778 1511 adtuli,
843 1444 1045 1494 usum
1098 1421 1586 1511 demonstravi,
1640 1422 1811 1493 vitia
1864 1443 2103 1493 eorum
2155 1445 2291 1494 non
2354 1424 2619 1494 reticui.

539 1541 679 1616 Sed
732 1544 906 1616 libro
961 1565 1114 1617 meo
1160 1544 1305 1636 jam
1356 1545 1552 1615 finito
1605 1550 1887 1635 praeter
1942 1564 2211 1615 omnem
2266 1550 2623 1647 exspecta-

537 1665 799 1737 tionem
887 1667 1178 1757 contigit
1265 1667 1440 1737 alius
1537 1666 1791 1737 codicis
1880 1667 1998 1755 qui
2083 1688 2263 1737 nunc
2352 1667 2626 1738 demum

541 1793 978 1877 comparatus
1045 1795 1180 1878 est,
1246 1789 1656 1861 lectionibus
1721 1788 1953 1877 potiri.
2077 1786 2326 1877 Itaque
2393 1809 2522 1879 ego
2586 1810 2628 1858 a

541 1909 725 1981 calce
794 1910 1022 1981 subito
1089 1916 1453 1982 revocatus
1515 1911 1642 1980 has
1706 1931 1977 1999 quoque
2034 1911 2411 2000 scripturas
2471 1910 2623 1982 loco

540 2036 893 2121 postremo
972 2055 1041 2123 p.
1124 2033 1271 2105 160
1344 2054 1491 2122 sqq.
1575 2032 1818 2121 putavi
1908 2032 2367 2104 adnectendas
2450 2053 2623 2103 esse.

539 2150 961 2223 Mutinensis
1031 2159 1158 2244 est,
1227 2154 1445 2226 codex
1496 2153 1889 2225 Lucianeus
1956 2175 2042 2224 ex
2113 2155 2625 2243 antiquissimiS,

544 2294 748 2363 quem
821 2295 948 2365 ego
1022 2277 1092 2346 in
1161 2275 1464 2347 Praefat.
1533 2276 1621 2346 ad
1674 2274 1769 2347 V.
1827 2274 1865 2345 I
1917 2274 1999 2346 P.
2054 2273 2092 2345 I
2145 2299 2211 2366 p.
2266 2274 2346 2345 X
2415 2275 2626 2348 verbo

542 2396 765 2485 tetigi,
840 2394 1469 2469 Sommerbrodtius
1538 2404 1778 2469 autem
1837 2399 1922 2469 ab
1986 2418 2059 2467 se
2125 2419 2487 2470 excussum
2557 2399 2629 2468 in

542 2516 796 2589 Museo
846 2516 1072 2591 Rhen.
1112 2542 1171 2591 a.
1216 2522 1412 2593 1882
1452 2519 1717 2597 Fascio.
1757 2519 1835 2591 II
1869 2523 1942 2611 p.
1978 2522 2125 2593 299
2168 2543 2312 2610 sqq.
2371 2520 2627 2610 optime

544 2641 926 2731 descripsit.
1016 2641 1251 2715 Multa
1302 2651 1533 2715 tamen
1586 2645 1657 2714 in
1711 2645 1845 2714 hoc
1899 2644 2132 2715 codice
2188 2644 2306 2733 qui
2358 2648 2629 2734 partem

543 2760 837 2833 Luciani
891 2765 1102 2837 habet
1152 2788 1288 2836 non
1342 2766 1682 2857 exiguam,
1747 2766 1952 2837 hodie
2007 2766 2145 2856 legi
2199 2771 2271 2836 et
2321 2764 2630 2855 intellegi

545 2892 914 2974 nequeunt.
1021 2886 1183 2959 Nisi
1250 2888 1547 2979 spatium
1616 2908 1905 2959 vacuum
1968 2888 2220 2958 iterum
2282 2886 2449 2955 mihi
2513 2905 2630 2956 ex-

546 3010 872 3103 plendum
926 3019 1132 3104 esset,
1201 3014 1311 3085 hic
1365 3012 1570 3082 finem
1634 3010 1935 3082 facerem
2002 3008 2389 3099 praefandi:
2452 3028 2632 3078 nunc

548 3141 779 3207 autem
857 3136 1165 3207 nonnihil
1246 3135 1489 3206 addam
1560 3133 1644 3203 de
1712 3132 2057 3203 codicibus
2123 3130 2493 3206 Lucianeis
2560 3130 2633 3200 in

547 3259 964 3329 universum.
1070 3257 1321 3347 Neque
1375 3258 1557 3328 enim
1611 3276 1852 3326 verum
1906 3259 2033 3343 est,
2089 3254 2273 3344 quod
2326 3251 2633 3323 nonnulli

553 3380 869 3469 credunt,
944 3380 1142 3450 ambo
1198 3377 1581 3450 Vaticanos
1651 3400 1761 3448 no,
1830 3379 1928 3449 90
1994 3376 2134 3467 (Γ)
2199 3381 2271 3446 et
2333 3376 2428 3448 87
2488 3370 2631 3465 (Qt)

548 3510 737 3576 totos
789 3502 959 3573 mihi
1008 3502 1320 3578 conlatos
1374 3522 1545 3572 esse.
1636 3499 1857 3570 Immo
1900 3498 2151 3570 codicis
2189 3494 2259 3572 21
2295 3496 2631 3572 lectiones

548 3631 820 3699 tantum
871 3644 1119 3715 magna
1171 3645 1258 3695 ex
1310 3627 1531 3714 parte,
1586 3623 1841 3711 prioris
1896 3627 2128 3692 autem
2183 3623 2249 3687 Γ
2301 3618 2634 3709 paucissi-

551 3769 698 3819 mas
751 3748 972 3818 habeo
1027 3746 1356 3837 cognitas.
1460 3744 1655 3836 Ergo
1710 3742 1784 3816 J.
1840 3740 2469 3816 Sommerbrodtius
2522 3739 2636 3810 vel

551 3870 637 3948 E.
674 3869 991 3942 Rohdius
1028 3868 1139 3939 vel
1173 3864 1270 3939 H.
1307 3863 1826 3939 Herwerdenus
1876 3865 1933 3935 si
1987 3865 2335 3956 integrum
2386 3861 2638 3933 librum

553 3993 621 4062 Γ
652 3998 974 4064 excutere
1002 3990 1365 4078 voluerint,
1394 3988 1708 4079 profecto
1747 4007 1997 4077 operae
2034 3986 2289 4059 facient
2314 3985 2634 4076 pretium.

552 4114 666 4186 De
712 4114 847 4185 alio
893 4112 1125 4184 codice
1167 4110 1520 4183 Lucianeo
1568 4108 2010 4201 (Urbinatem
2058 4108 2238 4200 dico)
2284 4107 2428 4198 jam
2475 4106 2637 4182 olim

552 4235 838 4326 Lipsiae
864 4235 1162 4325 primum
1196 4234 1512 4305 nuntium
1546 4252 1967 4321 acceperam,
1998 4230 2190 4323 cujus
2216 4235 2367 4300 tum
2401 4228 2638 4299 lectio-

552 4377 676 4434 nes
712 4357 1086 4451 acquirere,
1125 4378 1334 4451 quum
1360 4355 1561 4432 valde
1602 4373 1944 4450 cuperem,
1981 4374 2119 4428 non
2151 4352 2371 4448 potui.
2452 4347 2638 4426 Nam
