3099 5241
1179 426 1385 478 ΘΕΩΝ
1415 425 1793 478 ΔιΑΛοιοι.
2431 397 2524 468 71

446 598 614 682 υπὲρ
657 592 776 670 τάς
821 593 1037 682 πυγάς
1052 622 1078 676 ,-
1126 594 1374 662 ΠΑΝ.
1428 592 1651 662 ὁπόσα
1696 594 1782 664 ἀν
1818 594 2228 684 ἀποσκώψῃς
2265 600 2355 672 εἷς
2388 601 2527 685 ἐμὲ,

446 698 569 766 τὸν
626 705 909 766 σεαυτοῦ
958 697 1129 779 υἶόν,
1203 696 1251 765 ὦ
1310 696 1543 785 πάτερ,
1616 699 2059 767 ἐπονείδιστον
2116 700 2526 788 ἀποφαίνεις,

446 806 701 889 μᾶλλον
762 802 832 870 δὲ
895 800 1193 882 σεαυτόν,
1261 803 1337 878 ὃς
1391 809 1666 870 τοιαῦτα
1709 810 1943 893 γεννᾷς
1987 806 2091 870 καὶ
2136 804 2528 895 παιδοποιῇ,

450 905 572 997 ἐγώ
619 907 689 974 δὲ
734 906 1049 982 ἀναίτιος.
1144 908 1372 976 ΕΡΜ.
1437 906 1586 973 τίνα
1634 907 1705 974 δὲ
1747 909 1854 973 καὶ
1897 906 2026 994 φής
2073 932 2195 975 σου
2235 910 2533 994 μητέρας

448 1007 633 1095 ἦπου
691 1010 944 1078 ἐ’λαθον
1001 1009 1153 1099 αἶγα
1197 1009 1551 1099 μοιχεύσας
1594 1010 1829 1099 ἓγωγες
1895 1011 2146 1078 ΠΑΝ.
2219 1010 2336 1078 οὐκ
2380 1010 2533 1099 αἶγα

450 1115 854 1205 ἐμοίχευσας,
907 1113 1045 1180 ἀλλ’
1093 1112 1489 1200 ἀνάμνησον
1536 1115 1837 1192 σεαυτόν,
1891 1118 1954 1181 εἴ
1989 1141 2154 1182 ποτε
2200 1118 2272 1181 ἐν
2295 1114 2536 1202 Ἀρκα-

457 1220 564 1306 δίᾳ
626 1219 836 1286 παῖδα
897 1219 1250 1304 ἐλευθέραν
1309 1216 1573 1305 ἐβιάσω.
1645 1217 1712 1284 τί
1769 1217 1984 1285 δακών
2039 1215 2160 1286 τὸν
2219 1216 2537 1287 δάκτυλον

452 1328 660 1410 ζητεῖς
702 1323 809 1389 καὶ
855 1323 963 1389 ἐπὶ
1006 1320 1178 1389 πολὺ
1223 1322 1528 1409 ἀπορεῖς,·
1577 1320 1705 1408 τὴν
1732 1321 2014 1408 Ἰκαρίου
2041 1323 2198 1411 λέγω
2229 1321 2536 1409 Πηνελό-

450 1453 611 1514 πην.
663 1431 704 1469 ⁴*
748 1428 977 1494 EPM.
1031 1425 1168 1492 εἶτα
1211 1426 1276 1493 τί
1316 1434 1642 1493 παθοῦσα
1688 1427 1894 1512 ἐκείνη
1943 1425 2087 1492 ἀντ’
2123 1432 2285 1513 ἐμοῦ
2320 1426 2533 1517 τράγῳ
2569 1435 2674 1490 270

455 1558 528 1600 σε
587 1534 826 1617 ὅμοιον
884 1530 1140 1613 ἓτεκενς
1207 1533 1268 1599 2.
1330 1531 1580 1598 ΠΑΝ.
1656 1521 1860 1615 αὐτῆς
1903 1531 2147 1616 ἐκείνης
2190 1528 2382 1621 λόγον
2431 1556 2536 1599 σοι

452 1641 596 1722 ἐρῶ·
659 1637 769 1701 ὅτε
818 1633 945 1725 γάρ
999 1660 1089 1719 με
1142 1636 1501 1720 ἐξέπεμπεν
1546 1636 1656 1702 ἐπὶ
1698 1633 1823 1719 τῆν
1857 1633 2233 1721 Ἀρκαδίαν,
2294 1632 2342 1702 ὦ
2384 1649 2531 1718 παῖ,

450 1738 676 1826 μήτηρ
720 1740 846 1825 μέν
894 1764 1020 1818 σοι,
1072 1743 1219 1826 ἔφη,
1271 1738 1390 1827 ἐγώ
1437 1744 1596 1825 εἶμι,
1649 1737 2015 1824 Πηνελόπη
2044 1738 2085 1822 ἡ
2110 1741 2530 1826 Σπαρτιᾶτις’

451 1843 567 1910 τὸν
623 1845 876 1930 πατέρα
938 1842 1007 1909 δὲ
1063 1843 1374 1932 γίγνωσκε
1428 1841 1600 1910 θεὸν
1662 1842 1820 1932 ἔχων
1853 1841 2115 1929 “Ερμῆν
2159 1844 2387 1919 Μαίας
2430 1846 2536 1910 καὶ

454 1946 634 2023 Διός.
688 1952 749 2014 εἰ
783 1947 852 2013 δὲ
875 1946 1276 2033 κερασφόρος
1297 1948 1402 2013 καὶ
1425 1944 1857 2036 τραγοσκελὴς
1882 1945 1961 2026 εἶ,
2010 1945 2108 2033 μὴ
2134 1949 2408 2015 λυπείτω
2436 1973 2528 2015 σε.

455 2049 659 2119 ὁπότε
699 2050 823 2141 γάρ
866 2076 988 2136 μοι
1030 2047 1254 2140 συνῄει
1293 2050 1328 2117 ὃ
1353 2050 1575 2138 πατὴρ
1601 2050 1636 2117 ὁ
1665 2048 1799 2131 σὸς,
1850 2049 2061 2141 τράγῳ
2086 2050 2322 2120 ἑαυτὸν
2345 2051 2536 2119 ἀπεί-

455 2297 583 2335 sane
618 2279 809 2333 durum
844 2281 942 2344 est,
980 2295 1009 2333 e
1044 2278 1403 2348 superioribus
1440 2279 1703 2348 longoque
1736 2279 1953 2333 remotis
1993 2297 2083 2331 σοι
2117 2277 2412 2349 γενόμενος
2446 2281 2536 2335 hic

453 2367 619 2421 tacito
655 2366 901 2435 supplere
936 2363 1143 2435 ἐγένου.
1216 2357 1345 2419 hine
1388 2364 1628 2434 praefero
1674 2364 1944 2433 vulgatam
1992 2362 2123 2433 ἐμός
2168 2382 2290 2421 cum
2336 2367 2536 2422 Cobeto

453 2454 491 2507 l.
529 2454 565 2508 l.
601 2470 653 2522 p.
693 2456 806 2509 122.
956 2451 1062 2521 γὰρ
1098 2449 1237 2519 πῶς]
1274 2450 1380 2520 γὰρ
1417 2451 1505 2504 πῶ
1542 2451 1611 2514 A,
1663 2451 1769 2520 γὰρ
1810 2448 1879 2503 ἂν
1923 2449 1985 2503 σὺ
2034 2451 2153 2509 πῶς
2186 2450 2253 2510 21.
2406 2454 2535 2523 ρίνα

453 2540 523 2594 A.
648 2546 743 2591 καὶ
757 2535 998 2609 πώγωνα
1017 2535 1228 2606 λάσιον]
1242 2538 1372 2591 haec
1389 2534 1448 2592 in
1461 2554 1628 2607 marg.
1644 2537 1701 2592 C.
1826 2533 2022 2604 διχηλὰ
2034 2535 2536 2606 ΑΟἩΨΩἎΠΡαῦοᾶ,

459 2622 654 2693 δίχηλα
692 2626 808 2681 edd.
845 2626 1090 2691 novitiae,
1128 2620 1321 2693 διχαλὰ
1357 2626 1404 2680 Β
1442 2626 1588 2680 solus
1623 2625 1791 2680 forma
1826 2626 2019 2691 dorica,
2055 2643 2213 2696 quam
2228 2627 2535 2683 Dindorfius

455 2731 508 2783 p.
545 2713 649 2767 XX
689 2712 887 2766 tribuit:
916 2712 1168 2767 LucianO.
1330 2710 1512 2765 ὁπόσα
1545 2712 1941 2778 ΒΑΟΨΔΤῩᾱ,
1991 2710 2094 2765 ὅσα
2132 2711 2335 2771 ἓῐΩΜῈ
2383 2717 2440 2769 et
2484 2734 2532 2770 v.

599 2797 938 2872 ἀποσκώψῃς
983 2819 1053 2866 με
1097 2798 1356 2861 ΒΑΟΨΔ,
1415 2796 1757 2871 ἀποσκώψῃς
1802 2796 1898 2866 ἐμὲ
1946 2800 2007 2864 F,
2063 2798 2285 2873 σκώψῃς
2332 2799 2427 2868 ἐμὲ
2463 2799 2531 2863 21,

458 2883 800 2959 ἀποσκώψῃς
847 2880 923 2942 εἰς
970 2883 1066 2954 ἐμὲ
1113 2886 1222 2940 ΩΜ
1257 2888 1312 2939 et
1346 2903 1393 2940 v.
1465 2886 1736 2954 vulgatam
1780 2887 1847 2940 ob
1894 2885 2025 2939 duas
2060 2901 2245 2939 causas
2280 2886 2533 2940 revocavi.

458 2976 692 3027 ceterum
737 2972 918 3026 eadem
962 2972 1229 3026 sententia
1274 2972 1473 3041 legitur
1517 2973 1579 3026 in
1623 2973 1795 3027 nostri
1832 2971 1984 3028 Gallo
2029 2988 2074 3025 c.
2115 2973 2181 3027 19
2216 2970 2352 3025 med.
2390 2973 2446 3024 et
2479 2972 2537 3024 in

458 3059 732 3129 Aristoph.
786 3059 910 3113 Pae.
964 3077 1014 3114 v·
1068 3060 1168 3115 651
1223 3075 1337 3128 sqq.
1515 3056 1803 3131 ἀποφαίνῃ
1858 3058 2136 3122 amabe,
2204 3054 2539 3125 ἀποφαίνεις

456 3144 854 3210 ΒΑΟΔΨΤῩᾶ,
893 3142 1203 3212 ἀποφανεῖς
1238 3142 1288 3201 21
1322 3145 1482 3199 solue.
1557 3145 1624 3199 of.
1662 3144 1873 3200 Gallum
1908 3161 1952 3198 c.
1979 3146 2061 3200 19.
2202 3139 2415 3212 μᾶλλον
2451 3139 2534 3212 δὲ]

462 3228 522 3284 δὲ
572 3249 655 3287 om
688 3232 801 3286 521⁰.
963 3228 1039 3297 ὃς]
1078 3228 1138 3288 ὃς
1172 3228 1231 3287 ὃς
1274 3230 1341 3293 A,
1393 3228 1464 3286 ὡς
1508 3231 1680 3284 ΩΜῈ.
1839 3231 1966 3285 libri
2010 3226 2385 3293 παιδοποιεῖς,
2443 3230 2538 3284 sed

458 3322 602 3372 recte
635 3316 943 3372 Dindorfius
960 3312 1315 3392 παιδοποιῇ,
1365 3320 1489 3386 post
1524 3316 1799 3384 Cobetum,
1844 3318 1938 3388 qui
1979 3317 2037 3371 in
2069 3318 2137 3371 V.
2173 3317 2234 3371 L.
2280 3334 2333 3387 p.
2371 3319 2437 3374 81
2488 3320 2543 3371 et

459 3422 512 3474 p.
549 3408 651 3461 228
686 3404 984 3473 corrigebat
1016 3400 1365 3457 παιδοποιεῖ.
1520 3420 1657 3457 nova
1688 3420 1914 3474 persona
1958 3406 2081 3458 ante
2130 3401 2233 3473 ἐγώ
2275 3400 2335 3456 δὲ
2382 3405 2442 3458 in
2475 3403 2540 3468 A,

461 3493 556 3562 qui
588 3494 767 3544 EPM.
808 3492 932 3561 post
968 3488 1217 3546 ἀναίτιος
1250 3507 1352 3545 om.
1509 3492 1636 3543 τίνα
1683 3486 1747 3542 δὲ
1792 3497 1886 3543 καὶ
1921 3487 2080 3546 ΔῖῐΜ
2114 3493 2171 3544 et
2203 3509 2251 3554 v,
2303 3491 2428 3543 τίνα
2476 3485 2538 3542 δὲ

460 3580 526 3640 Ω,
564 3580 689 3631 τίνα
724 3583 817 3629 καὶ
852 3577 913 3641 F,
956 3573 1151 3644 ἥντινα
1189 3573 1249 3630 δέ
1285 3582 1379 3629 καὶ
1414 3576 1526 3638 AC,
1578 3574 1773 3643 ἥντινα
1808 3581 1902 3628 καὶ
1937 3577 2057 3632 ΒΨ.
2217 3566 2364 3642 ἦπου
2401 3575 2450 3629 A
2485 3578 2541 3630 et

458 3682 507 3729 v,
539 3661 689 3731 ι’)’πσυ
726 3664 832 3726 CF,
871 3660 1059 3732 μήπου
1076 3664 1193 3722 AX.
1336 3661 1631 3731 μοιχεύσας
1666 3643 1794 3731 αἶγα
1811 3663 1873 3717 F.
2017 3662 2182 3732 ἔγωγε
2219 3679 2305 3716 om
2329 3659 2406 3737 ἓῐζ

464 3747 594 3820 ἀλλ’]
633 3747 772 3804 ἀλλὰ
811 3754 874 3803 Ψ.
1020 3749 1113 3804 ἐπὶ
1145 3748 1286 3803 πολὺ
1321 3751 1386 3813 Β,
1440 3747 1673 3802 ἐπιπολὺ
1710 3749 1761 3803 Α
1794 3751 1850 3803 et
1881 3767 1928 3802 v.
2071 3738 2288 3817 ἱκαρίοὺ
2323 3748 2392 3802 A.

460 3834 816 3906 Πηνελόπην]
850 3835 953 3904 τὴν
985 3834 1324 3906 Πηνελόπην
1357 3838 1417 3891 F.
1563 3834 1713 3903 ἐμοῦ]
1752 3832 1888 3903 ἐμοῦ
1923 3830 2105 3887 παῖδα
2138 3835 2200 3890 F.

598 3927 649 3980 2.
725 3923 817 3977 ἐπὶ
850 3923 953 3992 τὴν
979 3920 1301 3994 Ἀρκαδίαν]
1341 3920 1452 3975 ἀπὸ
1489 3921 1587 3990 τῆς
1614 3918 1909 3991 Ἀρκαδίας
1934 3925 1985 3973 Ψ
2005 3921 2167 3976 solus,
2308 3923 2411 3990 μέν
2447 3940 2537 3975 σοι

461 4008 769 4074 ΒΑΟἳΙΔΨ,
807 4011 912 4077 μέν
947 4029 1045 4063 σου
1081 4011 1235 4065 ΩΜῈ
1269 4013 1326 4065 ot
1358 4028 1405 4065 v.
1547 4008 1655 4078 ἔφη
1696 4025 1781 4063 om
1797 4010 1863 4061 Δ.
1919 4006 2050 4076 ἔφη,
2091 4005 2220 4078 ἐγώ]
2260 4005 2383 4079 ἐγώ,
2426 4008 2532 4077 ἔφη

460 4097 629 4151 ΩΜἘ.
768 4093 1071 4165 Πηνελόπη
1108 4096 1142 4164 ἦ
1181 4093 1524 4164 Σπαρτιάτις
1556 4094 1824 4150 ΒΑΟΨθίῡ
1839 4112 1886 4159 v,
1922 4111 2017 4164 pro
2050 4095 2137 4148 his
2173 4093 2207 4162 ἧ
2234 4092 2534 4163 Πηνελόπη

464 4181 691 4251 (caetera
725 4182 831 4252 om)
869 4180 935 4249 21,
982 4183 1077 4238 sed
1120 4180 1422 4251 Πηνελόπη
1472 4178 1818 4251 Σπαρτιάτις
1858 4182 1967 4235 ΩΡ.
2037 4184 2313 4237 accentum
2355 4182 2539 4252 Poppo

463 4270 700 4323 correxit.
841 4271 1101 4338 γίγνωσκε
1137 4269 1443 4324 Dindorfius
1477 4286 1574 4339 pro
1607 4270 1836 4338 γίνωσκε
1872 4267 2108 4338 (γίνοσκε
2138 4267 2208 4336 a).
2363 4264 2541 4336 ἑρμῆν

463 4358 630 4422 μαίας
661 4356 898 4411 BsmFa
930 4358 988 4410 et
1020 4373 1085 4425 pr
1118 4373 1173 4410 m
1205 4356 1282 4418 M,
1322 4354 1518 4425 ἑρμῆν,
1557 4356 1726 4424 μαίας
1759 4354 1872 4418 AG,
1912 4353 2090 4422 ἑρμῆν
2123 4351 2222 4406 τὸν
2255 4353 2424 4420 μαίας
2438 4348 2540 4408 ΔὲΙ
