3099 5241
692 970 860 1039 Fieri
904 976 1130 1060 potest,
1189 979 1263 1039 ut
1325 991 1490 1059 quae
1549 978 1698 1040 ante
1754 975 1952 1041 libelli
2010 978 2214 1042 nostri
2259 977 2604 1045 editionem

520 1078 850 1145 tractanda
907 1082 1107 1160 erant,
1174 1098 1248 1145 ea
1304 1080 1537 1164 partim
1595 1082 1860 1145 omnino
1916 1065 2076 1145 non'
2105 1082 2335 1167 legisse
2391 1083 2606 1148 videa-

519 1202 683 1265 mur,
748 1202 879 1246 non
939 1182 1193 1246 fastidio
1251 1202 1463 1267 neque
1522 1183 1714 1266 fastu,
1778 1205 1816 1249 a
1860 1205 1989 1269 quo
2033 1186 2256 1270 procul
2303 1185 2605 1251 abhorreo

521 1286 634 1351 sed
706 1287 864 1350 vitio
939 1287 1320 1371 senectutis,
1405 1308 1601 1371 quam
1676 1307 1815 1352 esse
1889 1295 2137 1354 constat
2209 1290 2601 1356 obliviosam.

520 1389 722 1475 Saepe
766 1396 980 1456 tamen
1025 1410 1321 1456 censores
1366 1411 1442 1456 ea
1484 1392 1650 1456 male
1709 1395 1944 1458 omissa
2001 1401 2381 1478 queruntur,
2439 1415 2604 1480 quae

520 1514 603 1559 ne
646 1500 995 1579 potuerunt
1039 1496 1302 1580 quidem
1347 1495 1593 1578 adferri,
1636 1503 1859 1582 utpote
1906 1519 2038 1562 non
2084 1503 2230 1564 ante
2261 1499 2602 1564 editionem

522 1600 632 1663 sed
686 1605 908 1684 postea
965 1602 1224 1665 demum
1271 1601 1586 1685 evulgata.
1693 1603 1951 1666 Accidit
2015 1603 2135 1667 hoc
2190 1604 2404 1688 ipsum
2461 1623 2605 1689 pro-

519 1703 871 1768 fessoribus
932 1705 1334 1790 eloquentiae
1392 1705 1522 1770 fere
1581 1707 1904 1789 omnibuS,
1971 1712 2046 1771 ut
2091 1707 2164 1771 G.
2211 1707 2607 1792 Hermanno,

520 1809 601 1871 A.
647 1808 995 1891 Boeckhio,
1056 1808 1126 1873 F.
1173 1809 1499 1892 Passovio,
1543 1808 1614 1873 F.
1661 1809 1928 1894 Naekio,
1971 1810 2058 1874 M.
2104 1811 2393 1897 Hauptio
2438 1812 2608 1877 aliis-

522 1931 668 1995 que.
762 1911 993 1977 Crebro
1051 1915 1224 1977 enim
1269 1913 1457 1978 nobis
1521 1917 2106 1998 commentationeS,
2177 1936 2338 2001 quas
2395 1918 2607 1981 statim

521 2017 707 2081 edere
753 2016 966 2081 subito
1006 2018 1173 2100 Jussi
1221 2037 1469 2100 sumuS,
1515 2019 1683 2083 intra
1730 2020 1864 2084 dies
1907 2039 2259 2104 perpaucos
2297 2023 2365 2084 in
2397 2020 2607 2085 lucem

521 2121 906 2186 emittendae
951 2127 1133 2186 sunt:
1185 2123 1357 2206 quod
1401 2123 1703 2207 perficere
1747 2125 1994 2187 nemini
2037 2124 2277 2207 liceret,
2322 2126 2448 2189 nisi
2473 2127 2608 2208 jam

522 2230 709 2290 antea
757 2227 1028 2311 scriptae
1071 2228 1366 2291 fuissent.
1458 2227 1705 2292 Similia
1755 2227 1832 2293 de
1892 2248 1959 2292 se
2019 2234 2082 2293 et
2139 2229 2216 2293 de
2270 2230 2609 2313 prooemiis

521 2331 658 2395 suis
713 2330 907 2395 tradit
948 2331 1196 2395 Tullius
1258 2331 1328 2395 in
1372 2330 1491 2415 Ep.
1538 2332 1619 2394 ad
1664 2333 1956 2397 Atticum
1997 2332 2184 2416 XVI,
2229 2335 2268 2398 6
2328 2338 2605 2398 extrem:

524 2435 766 2518 ,habe0,
833 2437 1068 2520 inquit,
1123 2437 1428 2501 volumen
1487 2438 1976 2521 prooemiorum.
2077 2436 2185 2500 Ex
2240 2457 2316 2502 eo
2376 2438 2607 2521 eligere

521 2540 713 2624 sole0,
784 2560 988 2626 quum
1052 2541 1312 2626 aliquod
1377 2538 1778 2630 σύγγραμμα
1841 2543 2134 2607 institui.‘
2227 2541 2365 2628 Ego
2412 2561 2608 2627 quam

520 2646 616 2728 ‚de
662 2649 967 2711 numeris‘
1019 2648 1528 2712 dissertationem
1572 2668 1783 2733 nuper
1813 2649 2006 2730 edidi,
2053 2648 2133 2711 de
2165 2667 2238 2712 ea
2269 2667 2607 2713 censuram

519 2751 937 2815 humanitatis
1003 2751 1259 2835 plenam
1324 2754 1393 2815 in
1460 2752 1828 2837 ‚Philologo‘
1890 2751 2226 2837 (Philolog.
2285 2753 2607 2837 Anzeiger

519 2853 639 2918 Bd.
686 2854 816 2918 VII
860 2876 921 2940 p.
972 2858 1099 2922 359
1146 2858 1311 2941 sqq.)
1371 2858 1502 2941 egit
1543 2858 1625 2920 A.
1673 2856 2001 2940 Weidner,
2061 2859 2169 2920 cui
2224 2857 2362 2919 viro
2406 2855 2609 2920 Juve-

520 2959 685 3024 nalis
754 2960 1247 3044 explicationem
1315 2960 1703 3025 laudabilem
1772 2960 2096 3025 debemus.
2199 2960 2437 3025 Tamen
2501 2961 2607 3024 hic

523 3084 784 3148 quoque
852 3084 1083 3129 censor
1145 3065 1296 3149 plus
1372 3065 1570 3130 semel
1638 3066 1985 3148 commisit,
2055 3070 2126 3128 ut
2192 3083 2312 3129 nos
2383 3065 2608 3148 inique

520 3169 927 3252 vituperaret.
1020 3168 1292 3233 Miratur
1337 3175 1553 3233 autem
1599 3188 1674 3232 ac
1717 3188 1920 3253 paene
1981 3170 2376 3253 indignatur,
2433 3168 2608 3252 quod

520 3292 638 3356 ego
681 3292 895 3357 neque
935 3272 1003 3337 F.
1039 3273 1274 3337 Blassii
1317 3273 1511 3337 libro:
1565 3272 1705 3354 ,Die
1750 3275 2016 3338 attische
2061 3272 2608 3355 Beredtsamkeit‘,

518 3375 691 3461 Lips.
754 3398 810 3441 a.
865 3377 1029 3444 1868
1099 3377 1330 3457 (dicere
1397 3378 1656 3443 videtur
1718 3399 1784 3463 p.
1832 3379 1960 3444 246
2019 3379 2187 3462 sqq.)
2256 3397 2468 3462 neque
2527 3376 2604 3441 R.

518 3480 948 3546 Volkmanni:
975 3481 1030 3562 *)
1082 3479 1221 3563 ,Die
1251 3480 1554 3546 Rhetorik
1595 3484 1707 3549 der
1739 3483 2092 3564 Griechen‘,
2137 3480 2309 3566 Lips.
2343 3502 2398 3545 a.
2438 3481 2607 3547 1874

521 3586 700 3667 (dicit
744 3607 803 3671 p.
851 3586 983 3650 442
1029 3590 1193 3672 sqq.)
1241 3607 1401 3651 usus
1444 3587 1646 3653 fuisse
1692 3587 2142 3671 deprehendar.
2233 3586 2299 3651 Is
2345 3606 2492 3651 vero
2546 3591 2610 3650 et

659 3759 712 3830 ¹⁸³)
750 3757 1073 3828 [verissima
1110 3761 1241 3813 sunt
1276 3775 1411 3829 quae
1448 3761 1515 3815 de
1549 3759 1792 3814 numeris
1827 3758 2168 3828 pedestribus
2213 3758 2356 3828 apud
2400 3756 2607 3812 utrius-

520 3863 623 3916 que
658 3846 877 3915 linguae
914 3847 1205 3916 scriptores
1241 3847 1388 3901 dixit
1431 3846 1496 3902 R.
1536 3847 1839 3902 Volkmann
1884 3847 1943 3901 in
1975 3846 2013 3900 l.
2051 3846 2171 3913 ,Die
2206 3844 2466 3900 Rhetorik
2513 3844 2610 3899 der

520 3935 608 3988 Gr.
646 3934 759 3988 und
794 3932 990 3988 Romer
1025 3950 1076 4002 p.
1113 3939 1247 3993 451:
1300 3934 1414 4002 ‚Bis
1453 3935 1606 4004 jetzt,
1643 3935 1839 4004 inquit,
1884 3932 2020 3988 fehlt
2066 3948 2125 3988 es
2166 3933 2254 3986 fiir
2288 3932 2393 3986 den
2426 3930 2607 3985 Nach-

517 4022 649 4076 weis
698 4022 793 4076 der
835 4021 1248 4091 rhythmischen
1296 4021 1499 4091 Regeln
1546 4023 1605 4075 in
1658 4022 1752 4076 der
1797 4021 1939 4075 alten
1988 4021 2170 4089 Prosa,
2220 4020 2413 4074 desscn
2459 4033 2608 4087 sorg-

518 4108 703 4178 fa’ltige
738 4108 1055 4177 Beachtung
1101 4108 1395 4164 sicherlich
1442 4108 1583 4163 auch
1631 4109 1720 4162 fiir
1766 4108 1854 4163 die
1888 4106 2253 4163 Texteskritik
2287 4106 2440 4160 nicht
2474 4121 2607 4174 ganz

519 4197 656 4251 ohne
704 4195 906 4264 Belang
953 4196 1073 4250 sein
1120 4197 1314 4261 diirfte,
1362 4196 1501 4250 noch
1549 4211 1611 4249 so
1660 4197 1758 4263 gut
1791 4196 1893 4249 wie
1941 4212 2074 4265 ganz
2121 4211 2188 4248 an
2223 4192 2606 4248 Vorarbeiten‘.

518 4284 687 4353 Atqui
722 4284 826 4339 hoc
861 4283 1061 4352 ipsum,
1097 4284 1158 4337 in
1193 4299 1299 4352 quo
1335 4281 1504 4336 totius
1528 4281 1608 4335 rei
1644 4282 1801 4337 cardo
1826 4283 2073 4351 vertitur,
2109 4280 2293 4336 nescio
2319 4296 2424 4350 quo
2448 4278 2608 4334 modo

518 4386 794 4425 censorem
829 4386 1013 4425 meum
1050 4370 1266 4441 penitus
1302 4367 1522 4423 videtur
1554 4368 1797 4424 latuisse.
1868 4368 1969 4423 Ex
2003 4366 2399 4439 Addendis.]
