3099 5241
1304 432 1674 491 SOSTRATO.
2309 435 2539 493 XXXV

447 606 804 676 Sostratum
864 629 1061 676 suum
1122 614 1185 676 et
1238 609 1318 678 ab
1372 611 1583 676 herois
1626 612 1863 677 virtute
1891 615 1987 677 ·et
2042 613 2301 698 longius
2345 614 2538 681 etiam

447 711 529 777 ab
574 732 798 779 eorum
841 715 1180 787 hominum
1222 716 1587 781 humilitate
1634 715 1885 781 dixerat
1946 712 2247 800 abfuisse,
2283 720 2421 803 ,qui
2464 724 2541 784 ut

446 816 848 886 Nicostratus
903 839 1054 885 eum
1109 821 1402 886 irrisione
1461 826 1677 902 ἕτερος
1724 815 2071 904 Ἡρακλῆς
2128 822 2284 888 dicti
2338 828 2534 889 erant.

447 919 747 1006 Denique
815 923 1168 991 Sostratum
1235 945 1429 990 suum
1482 924 1588 990 vel
1655 943 1806 989 cum
1876 923 2116 1015 Milone
2177 926 2538 997 Crotoniata

447 1034 859 1112 compararat,
917 1029 1022 1094 vel
1087 1030 1488 1095 simillimum
1553 1029 1755 1093 fuisse
1817 1029 2068 1094 dixerat
2122 1050 2255 1098 non
2316 1033 2537 1113 minus

446 1131 713 1216 antiquo
757 1135 915 1217 vim,
959 1134 1237 1199 Titormo
1268 1133 1512 1216 AetoIO,
1559 1135 1798 1218 pastori
1842 1135 1945 1199 vel
1990 1134 2277 1218 athletae,
2321 1156 2359 1200 a
2406 1156 2534 1222 quo

445 1235 758 1307 Aelianus
801 1240 870 1302 in
901 1238 1085 1303 Varr.
1129 1238 1300 1303 Hist.
1341 1238 1490 1320 XII,
1536 1239 1623 1303 22
1667 1243 1732 1303 et
1776 1258 1859 1303 ex
1904 1258 1979 1304 eo
2024 1240 2217 1305 schol.
2264 1239 2535 1307 Luciani

442 1360 513 1423 p.
558 1341 680 1408 127
728 1342 947 1409 Jacob.
993 1342 1407 1429 proverbium
1458 1342 1623 1407 illud
1669 1341 1895 1407 dicunt
1953 1341 2243 1410 fluxisse.
2343 1343 2535 1428 Ejus—

398 1489 417 1509 .
444 1445 591 1511 dem
633 1448 756 1511 viri
811 1447 891 1512 ab
935 1448 1260 1513 Herodoto
1307 1446 1416 1530 VI,
1463 1447 1614 1529 127,
1657 1447 1989 1513 Athenaeo
2031 1446 2097 1512 X
2140 1469 2201 1533 p.
2247 1449 2434 1513 412f
2470 1454 2536 1514 et

443 1547 728 1615 Luciano
773 1551 871 1617 De
915 1552 1084 1618 Hist.
1134 1552 1388 1618 Conscr.
1439 1571 1492 1615 c.
1542 1551 1628 1616 34
1670 1549 1782 1614 fin.
1829 1553 2070 1616 mentio
2126 1546 2369 1635 injecta
2418 1559 2534 1637 est,

444 1673 529 1719 ex
596 1656 834 1741 quibus
898 1657 1265 1725 Herodotus
1330 1657 1687 1721 Titormum
1764 1654 1989 1721 scribit
2055 1657 2250 1722 vitam
2329 1658 2535 1743 egisse

444 1742 807 1845 solitariam,
854 1781 1020 1847 quae
1063 1782 1164 1828 res
1208 1762 1443 1847 partim
1486 1762 1674 1825 etiam
1720 1761 1792 1824 in
1837 1759 2197 1826 Sostratum
2239 1767 2534 1828 nostrum

443 1865 666 1932 cadere
708 1868 981 1933 videtur.
1070 1866 1168 1932 De
1212 1865 1531 1931 Athenaei
1591 1868 1809 1929 autem
1859 1865 1999 1930 loco
2043 1864 2406 1932 Meinekius
2459 1869 2534 1932 in

444 1970 629 2035 Anal.
660 1971 848 2036 Alex.
880 1992 943 2056 p.
978 1971 1106 2039 249
1144 1971 1476 2036 verissime
1515 1968 1848 2052 judicavit.
1940 1970 2128 2036 Adde
2172 1970 2535 2039 Maximum

440 2074 706 2156 Tyrium
747 2075 919 2141 Diss.
966 2074 1086 2140 VII
1129 2096 1191 2160 p.
1243 2076 1369 2142 110
1411 2073 1653 2161 Βθίεἶς.,
1712 2075 1827 2157 qui
1881 2075 1954 2138 in
1996 2074 2272 2141 Titormo
2327 2075 2534 2161 longi·-

440 2180 736 2246 tudinem
800 2183 1080 2266 corporis
1148 2180 1514 2247 admiratur.
1638 2176 1737 2244 De
1801 2179 1943 2263 ipso
2009 2179 2131 2245 hoc
2196 2179 2531 2265 proverbio

439 2282 822 2351 Loutschius
852 2287 934 2351 ad
966 2285 1444 2371 Diogenianum
1474 2305 1534 2368 p.
1572 2283 1701 2349 190
1729 2281 1918 2366 plura
1947 2284 2248 2369 conlegit,
2296 2285 2533 2349 omisso

442 2390 557 2472 qui
622 2391 1030 2473 proverbium
1096 2390 1280 2455 aliter
1344 2389 1715 2473 explicavit,
1780 2387 2107 2454 Pausania
2162 2388 2249 2472 X·‚
2309 2391 2412 2470 13,
2465 2388 2527 2453 4.

440 2491 566 2558 Sed
599 2496 855 2579 qualem
883 2495 1232 2561 Herculem
1263 2493 1489 2558 Graeci
1532 2493 1710 2556 hunc
1739 2491 2097 2561 Sostratum
2140 2497 2206 2558 et
2250 2493 2533 2559 dixerint

441 2603 505 2664 et
566 2619 715 2666 vere
782 2620 920 2671 esse
983 2600 1289 2686 putarint,
1367 2617 1596 2684 operae
1672 2599 1951 2682 pretium
2029 2602 2126 2664 est
2204 2617 2528 2683 quaerere.

438 2702 606 2769 Nam
675 2706 753 2770 de
822 2705 1121 2790 ,Hercule
1184 2704 1444 2771 rustico‘
1516 2704 1608 2768 ita
1673 2704 1930 2788 scripsit
1984 2701 2393 2787 Lampridius
2456 2703 2529 2768 in

442 2807 786 2875 Commodo
844 2830 897 2876 c.
949 2811 1033 2876 10
1075 2810 1220 2876 fin.:
1286 2808 1553 2893 ⁷Habuit
1596 2806 2035 2892 (Commodus)
2090 2813 2155 2872 et
2206 2808 2530 2873 hominem

438 2933 605 2997 pene
659 2916 1059 2999 prominente
1117 2916 1286 2980 ultra
1343 2913 1609 2978 modum
1671 2913 2063 2996 animalium,
2127 2933 2322 2998 quem
2366 2908 2531 2977 ὄνον

441 3018 819 3102 appellabat,
875 3019 999 3086 sibi
1057 3020 1485 3100 carissimum,
1546 3035 1741 3101 quem
1799 3022 1863 3082 et
1917 3017 2144 3082 ditavit
2202 3023 2266 3083 et
2324 3036 2530 3084 sacer-

439 3122 610 3187 dotio
686 3123 989 3191 Herculis
1067 3125 1291 3189 rustici
1370 3121 1775 3208 praeposuit‘.
1813 3120 1872 3204 *)
1983 3119 2114 3185 Ubi
2178 3121 2529 3188 Herculem

435 3228 783 3313 rusticum,
846 3231 916 3293 in
987 3247 1179 3314 quem
1243 3229 1423 3293 nulla
1488 3227 1663 3292 eadit
1725 3226 2108 3310 theocrasia,
2174 3226 2528 3310 Salmasius

435 3331 671 3398 frustra
725 3335 996 3418 conjecit
1054 3332 1419 3416 ,Herculem
1474 3331 1829 3397 Silvanum‘
1889 3330 2112 3415 fuisse,
2180 3332 2377 3398 deum
2419 3319 2529 3397 'ex

436 3436 693 3505 duobus
737 3443 1126 3522 concretum,
1174 3439 1361 3523 quasi
1406 3437 1581 3502 dicas
1612 3434 2083 3518 Πανηρακλῆς,
2134 3438 2232 3502 uti
2274 3435 2526 3502 Tullius

575 3698 629 3767 *)
667 3697 814 3753 Alibi
867 3697 1114 3753 Herculis
1164 3698 1410 3752 sacerdos
1445 3697 1535 3751 vir
1579 3698 1666 3751 est
1710 3695 1991 3763 honestus,
2039 3694 2314 3749 interdum
2361 3694 2528 3748 etiam

435 3800 625 3854 magna
659 3785 920 3855 dignitate
954 3778 1249 3855 praeditu8‚
1283 3784 1459 3839 veluti
1492 3783 1736 3852 Marsyas
1781 3781 2078 3836 historicus
2113 3783 2169 3835 et
2201 3781 2350 3835 idem
2384 3779 2524 3836 Her·-

435 3872 576 3928 culis
610 3875 858 3929 sacerdos
891 3890 974 3943 ap.
1010 3872 1206 3927 Athen.
1242 3871 1330 3926 XI
1352 3889 1404 3941 p.
1428 3876 1551 3939 467,
1577 3888 1623 3925 c.
1694 3867 1835 3924 Nam
1870 3868 2016 3937 quod
2054 3867 2310 3922 Herculis
2346 3883 2524 3924 saeer-

435 3958 533 4014 dos
566 3976 648 4029 ap.
673 3959 1026 4025 Plutarchum
1051 3961 1291 4028 Quaestt.
1318 3958 1408 4013 Gr.
1434 3963 1502 4017 58
1537 3957 1683 4027 apud
1708 3955 1845 4011 Coos
1879 3955 2018 4010 festo
2055 3957 2294 4044 tempore
2328 3953 2526 4024 pallam

435 4048 490 4100 et
522 4047 741 4102 mitram
775 4050 1014 4117 gestasse
1050 4047 1271 4116 dicitur,
1318 4046 1377 4100 id
1426 4046 1595 4100 etiam
1643 4060 1771 4098 cum
1804 4041 1929 4098 aliis
1966 4041 2104 4098 viris
2138 4041 2289 4096 idem
2322 4042 2525 4096 festum

434 4133 826 4188 celebrantibus
858 4134 1239 4210 'Nicomachus
1286 4150 1368 4203 ap.
1418 4132 1635 4203 Lydum
1678 4130 1759 4185 De
1806 4129 2089 4184 Mensibus
2135 4145 2187 4198 p.
2237 4133 2304 4190 81
2354 4127 2521 4183 Bekk.

434 4221 810 4278 communicat.
883 4220 1219 4290 Omninoque
1265 4236 1327 4274 ea
1372 4235 1461 4274 res
1495 4220 1563 4274 ad
1597 4216 1885 4287 religiones
1920 4215 2141 4270 videtur
2175 4214 2521 4284 pertinuisse.

435 4308 626 4363 Confer
670 4307 733 4363 Ο.
769 4306 1062 4362 Miillerum
1107 4308 1167 4361 in
1215 4306 1250 4362 l.
1322 4305 1426 4361 Die
1459 4306 1654 4361 Dorier
1686 4304 1717 4358 Ι
1751 4320 1801 4373 p.
1839 4307 1942 4361 452
1991 4304 2046 4357 ct
2081 4302 2413 4357 Lobeekium
2462 4302 2522 4356 in

305 4389 314 4398 ·
433 4394 690 4466 Aglaoph.
726 4413 779 4465 p.
820 4402 935 4457 177.

2099 4496 2199 4543 111·
