3099 5241
1323 441 1826 500 PEDESTRIBUS.
2485 445 2614 502 CIX

528 620 745 682 autem
797 616 1081 682 latinam.
1173 618 1264 683 Ut
1317 620 1613 705 exemplo
1669 625 1833 704 utar,
1891 641 2097 686 unum
2152 641 2499 686 numerum
2538 623 2611 685 in

531 720 797 786 Graecia
850 721 1206 807 florentem,
1259 722 1440 788 Latio
1502 730 1718 790 tamen
1774 726 1855 791 ob
1917 731 2009 791 tot
2064 725 2341 808 syllabas
2385 726 2613 791 breves

527 832 660 890 tam
722 847 865 892 raro
933 848 1346 912 concessum,
1427 830 1812 913 paeonicum
1892 831 2034 895 dico
2111 831 2312 895 multo
2381 831 2613 896 melius

528 932 690 995 mihi
744 932 1049 997 videntur
1108 933 1408 998 omissuri
1464 933 1686 998 fuisse.
1791 934 1986 999 Nunc
2043 936 2141 1000 illi
2197 937 2385 1000 toties
2442 954 2614 1000 com·

529 1042 884 1102 memorant
949 1042 1143 1123 atque
1202 1039 1361 1103 adeo
1419 1038 1690 1103 laudant
1742 1039 1918 1103 hunc
1974 1042 2194 1123 ipstun
2249 1060 2614 1123 numerum,

532 1146 606 1205 ut
650 1142 994 1207 credidisse
1030 1143 1374 1208 videantur
1394 1142 1802 1208 Aristotelem
1854 1146 2039 1227 quasi
2083 1149 2296 1210 vatem
2338 1164 2616 1229 paeones

530 1244 839 1311 Romanis
922 1266 1181 1331 quoque
1264 1247 1740 1312 commendatos
1807 1249 2109 1313 voluisse.
2220 1248 2469 1315 Deinde
2548 1250 2618 1315 id

535 1351 706 1433 quod
773 1352 945 1436 apud
1000 1351 1407 1416 Aristotelem
1471 1354 1543 1416 in
1598 1353 1852 1418 Rhetor.
1900 1352 2021 1436 111,
2070 1355 2110 1420 8
2168 1354 2316 1420 luce
2381 1355 2617 1420 clarius

534 1460 657 1535 est,
732 1456 985 1539 antiqui
1048 1456 1331 1520 rhetores
1398 1457 1465 1519 in
1534 1458 1818 1521 oratione
1884 1457 2052 1521 solos
2114 1458 2243 1523 fere
2310 1459 2621 1525 curabant

534 1578 873 1643 numeros,
951 1566 1170 1624 contra
1236 1560 1485 1626 Tullius
1563 1567 1627 1627 et
1691 1562 1931 1628 Fabius
2007 1565 2302 1628 metricos
2365 1570 2619 1629 tantum

534 1663 730 1748 pedes
784 1664 1229 1730 metiebantur.
1320 1665 1421 1731 Ita
1472 1666 1944 1751 Theophrastus
1999 1668 2136 1732 sive
2191 1668 2373 1747 alius,
2429 1671 2619 1752 cujus

535 1768 729 1833 verba.
785 1768 1005 1834 Cicero
1069 1771 1140 1833 in
1200 1768 1460 1835 Oratore
1526 1791 1581 1834 c.
1639 1773 1722 1836 57
1783 1771 1932 1836 fecit
1995 1772 2223 1856 latina,
2289 1773 2620 1857 Ephorum

529 1873 674 1954 jure
720 1875 1007 1958 castigat,
1065 1875 1242 1957 quod
1296 1875 1562 1957 syllabis
1621 1878 1975 1941 metiendos
2018 1878 2213 1961 pedes
2260 1880 2446 1962 quasi
2489 1898 2622 1943 me-

537 1980 728 2044 tricos
771 2000 1001 2063 parum
1044 1985 1409 2046 constanter
1453 1983 1851 2064 existimarit,
1893 2001 2024 2046 non
2067 1987 2288 2067 utpote
2316 2002 2622 2047 numeros

535 2084 928 2168 temporibus
973 2091 1035 2150 et
1077 2085 1430 2151 intervallis
1476 2087 1966 2170 distinguendos
2010 2106 2166 2152 esse.
2243 2086 2413 2171 Ergo
2447 2088 2622 2172 quod

538 2188 755 2253 Cicero
832 2189 1072 2259 ibidem
1152 2196 1369 2255 censet
1434 2210 1675 2274 ,omnes
1740 2190 1808 2255 i‘n
1877 2192 2162 2256 oratione
2228 2211 2368 2256 esse
2435 2194 2621 2276 quasi

536 2294 886 2377 permixtos
950 2299 1016 2360 et
1082 2295 1381 2360 confusos
1447 2296 1661 2380 pedes‘
1732 2296 1851 2360 hoc
1919 2296 2074 2360 dicit
2130 2293 2331 2380 (quod
2385 2316 2500 2380 per
2553 2316 2622 2361 se

537 2417 763 2463 verum
827 2398 977 2481 est),
1045 2401 1162 2463 vix
1226 2400 1425 2464 ullam
1490 2401 1842 2464 orationem
1908 2419 2078 2482 esse,
2123 2401 2224 2462 -in
2294 2420 2423 2484 qua
2488 2421 2621 2465 uon

540 2523 729 2568 omne
804 2523 1012 2588 genus
1088 2506 1327 2589 pedum
1402 2507 1809 2570 metricorum
1883 2505 2250 2588 reperiatur.
2363 2507 2453 2569 At
2515 2505 2624 2570 ille

538 2608 705 2674 hanc
758 2609 963 2694 ipsam
1014 2630 1152 2675 rem
1205 2612 1309 2694 iis,
1378 2607 1618 2695 quibus
1675 2588 1952 2694 profecto
1996 2609 2168 2674 idem
2211 2608 2428 2674 visum
2470 2617 2624 2693 erat,

540 2715 884 2797 Aristoteli,
941 2714 1368 2800 Theophrasto
1425 2715 1895 2798 Theodectique
1950 2715 2225 2778 nimium
2290 2716 2457 2780 male
2514 2735 2624 2800 op·

537 2821 737 2902 ponit.
827 2818 919 2883 Hi
975 2821 1270 2904 singulos
1328 2821 1459 2886 fere
1514 2821 1587 2883 in
1644 2821 1925 2884 oratione
1970 2838 2273 2883 numeros
2318 2819 2625 2903 probave-

537 2929 704 3007 rant,
759 2925 1135 2989 Aristoteles
1194 2927 1597 3009 paeonicum,
1667 2924 1928 3008 quidam
1986 2923 2338 2988 iambicum
2397 2930 2460 2989 et
2516 2924 2627 2987 alii

542 3029 762 3110 alium,
817 3028 1114 3114 Ephorus
1170 3034 1385 3094 autem
1439 3029 1651 3110 binos,
1709 3048 1858 3091 cum
1914 3047 2156 3112 paeane
2212 3028 2621 3109 dactylicum.

545 3133 721 3211 Quos
768 3132 985 3198 Cicero
1043 3136 1099 3198 si
1155 3139 1368 3198 tamen
1423 3135 1700 3199 refutare
1743 3132 1969 3213 voluit,
2023 3151 2156 3195 non
2209 3134 2420 3217 potuit
2464 3133 2626 3216 quin

541 3240 662 3302 hoc
745 3239 1012 3320 diceret,
1091 3257 1396 3302 numeros
1477 3258 1702 3303 omnes
1778 3257 1912 3302 una
1987 3238 2058 3300 in
2137 3238 2420 3301 oratione
2485 3255 2627 3320 per-

545 3343 904 3409 miscendos
970 3362 1112 3408 esse
1177 3350 1242 3408 et
1306 3342 1826 3408 confundendos:
1910 3362 2039 3426 quo
2115 3341 2278 3405 nihil
2355 3346 2455 3406 est
2516 3340 2629 3404 ab·

546 3447 823 3512 surdius.
936 3446 1097 3523 Quis
1178 3449 1353 3512 enim
1432 3468 1565 3511 non
1646 3447 1947 3512 omnibus
2029 3446 2234 3511 sibilis
2316 3451 2626 3511 oratorem

546 3553 863 3637 explodat,
933 3553 1048 3637 qui
1115 3551 1422 3616 sublimes
1481 3571 1786 3617 numeros
1849 3551 2111 3615 Pindari
2166 3571 2316 3615 cum
2374 3550 2628 3615 levibus

548 3658 848 3722 dramatis
915 3657 1176 3738 satyrici
1241 3662 1305 3721 et
1368 3657 1601 3721 hilares
1655 3657 2105 3740 Aristophanis
2172 3675 2324 3719 cum
2390 3657 2629 3720 severis

546 3762 855 3844 Aeschyli
930 3762 1230 3846 copulare
1311 3762 1637 3846 coeperit?
1764 3759 1945 3837 Quae
2026 3778 2230 3844 quum
2305 3760 2397 3823 ita
2483 3762 2630 3843 sint,

550 3866 934 3944 Quintiliani
994 3867 1250 3930 inscitia
1313 3864 1437 3948 IX,
1501 3866 1567 3948 4,
1634 3866 1716 3931 87
1784 3885 1915 3930 non
1981 3865 2244 3929 ferenda
2309 3869 2434 3946 est,
2516 3865 2630 3948 qui

546 3971 1110 4054 Thrasymachum,
1154 3970 1585 4053 Aristotelem,
1638 3969 2159 4054 Theophrastum,
2212 3967 2630 4033 Theodectem

549 4082 612 4142 et
674 4075 1005 4161 Ephorum
1079 4076 1351 4140 miratur
1411 4077 1482 4139 in
1552 4077 1672 4139 hac
1738 4075 2038 4159 opinione
2111 4073 2345 4156 fuisse,
2422 4077 2497 4137 ut
2559 4073 2631 4136 in

549 4182 833 4246 oratione
890 4180 1049 4246 alios
1106 4179 1301 4264 pedes
1346 4182 1641 4245 metricos
1686 4181 1995 4264 eligerent
2036 4179 2324 4261 aliosque
2371 4177 2633 4241 damna-

547 4290 708 4350 rent.
823 4283 1001 4361 Quos
1082 4285 1255 4349 enim
1335 4284 1533 4368 pedes
1598 4285 1707 4348 isti
1774 4289 2009 4349 temere
2076 4283 2487 4365 damnarunt,
2566 4282 2633 4345 hi

553 4393 945 4475 ,irrumpent,
1011 4389 1240 4474 inquit,
1307 4390 1498 4454 etiam
1556 4389 1636 4454 ad
1693 4390 1952 4471 invitos,
2018 4406 2140 4453 nec
2206 4406 2455 4473 semper
2505 4386 2645 4451 illis
