3099 5241
1260 451 1802 509 NEOYOMANTIA.
2440 451 2571 509 LIX

481 630 638 695 dum
680 630 1031 695 laudabilia
1066 630 1491 715 reprehendit,
1536 630 1899 695 Lucianum
1944 650 2071 695 non
2123 632 2327 696 sensit
2366 630 2571 715 negli-

479 737 763 819 gentiam
807 755 993 800 suam
1036 735 1253 819 ipsum
1295 734 1478 800 fateri
1524 755 1578 799 c.
1633 736 1740 802 19:
1810 731 2138 815 πάμπολυ
2182 730 2572 815 ἀπεπλανή-

481 847 621 921 θην
649 846 765 903 τοῦ
814 836 1032 925 λόγου.
1109 839 1342 903 Contra
1381 840 1451 904 in
1497 859 1595 922 eo,
1642 840 1816 924 quod
1861 840 1969 903 hic
2011 840 2205 904 unice
2249 839 2571 923 agendum

480 948 635 1025 erat,
705 948 780 1008 ut
834 945 1011 1008 hunc
1065 944 1306 1008 librum
1361 944 1441 1008 ab
1506 944 1796 1009 Luciano
1863 944 2366 1027 abjudicandum
2432 959 2571 1007 esse

482 1049 754 1130 doceret,
809 1048 1054 1132 ubique
1110 1049 1387 1114 Solanus
1445 1049 1813 1113 dormitavit
1867 1054 1931 1114 et
1989 1049 2398 1113 halucinatus
2454 1050 2571 1128 est,

480 1150 752 1216 Luciani
798 1152 906 1217 ille
954 1151 1506 1234 Νεκυομανιείαν
1566 1155 1634 1217 in
1690 1154 1895 1238 ipsius
1940 1152 2227 1239 Menippi
2272 1151 2572 1217 ,Νέκυιαν

483 1276 682 1320 ausus
751 1257 1225 1322 transformare:
1308 1259 1495 1342 quasi
1560 1263 1636 1321 ut
1699 1257 2029 1322 Lucianus
2097 1256 2416 1341 Menippi‚
2480 1256 2572 1319 ita

483 1361 674 1424 etiam
745 1358 1091 1446 Menippus
1149 1361 1421 1426 Luciani
1489 1381 1629 1427 esse
1694 1364 1977 1427 imitator
2040 1362 2334 1446 potuerit.
2446 1359 2571 1425 Sed

484 1465 791 1530 Solanum
884 1486 1089 1550 quum
1171 1466 1706 1531 Hemstcrhusius
1793 1468 2029 1552 optime
2114 1466 2224 1531 ille
2310 1464 2572 1550 quidem

481 1569 844 1636 Lucianum
913 1589 1268 1655 agnoscens
1335 1574 1563 1636 erroris
1631 1572 2006 1637 convicerit:
2086 1571 2281 1635 miror
2345 1568 2568 1650 fuisse,

362 1707 380 1720 -
484 1677 600 1759 qui
642 1676 879 1740 erranti
909 1675 1140 1740 Solano
1189 1697 1382 1760 quam
1413 1676 1902 1742 Hemsterhusio
1949 1695 2222 1741 errorem
2265 1673 2570 1738 refutanti

485 1780 791 1851 adsentiri
858 1780 1142 1862 mallent,
1209 1779 1389 1845 velut
1454 1780 1727 1845 Belinus
1796 1786 1859 1845 et
1926 1779 2314 1860 Schmieder,
2382 1778 2572 1861 cujus

484 1884 679 1948 verba
724 1884 880 1949 haec
925 1891 1112 1950 sunt:
1174 1905 1323 1967 ,non
1368 1886 1685 1950 immerito
1734 1885 2132 1967 dubitarunt,
2192 1888 2413 1947 utrum
2467 1881 2573 1945 hic

485 1988 647 2057 liber
700 1991 1030 2072 genuinus
1090 1991 1174 2055 sit
1214 1991 1471 2054 'necne‘.
1563 1989 1732 2054 Nam
1776 1989 2181 2054 Wielandius
2244 1988 2357 2072 qui
2403 1985 2570 2067 (Vol.

483 2092 562 2156 ΙΙ.
601 2113 661 2178 p.
697 2094 822 2159 357
857 2094 1025 2178 sqq.)
1071 2101 1134 2158 et
1175 2096 1314 2178 ipse
1361 2093 1699 2177 dubitavit,
1746 2099 1810 2159 et
1855 2094 1968 2178 qui
2005 2091 2291 2157 Luciano
2322 2089 2573 2172 Necyo-

485 2199 771 2262 mantian
834 2204 1117 2282 ereptam
1174 2199 1381 2263 voluit
1434 2197 1851 2263 Lehmannus
1915 2201 1986 2261 ut
2042 2197 2376 2281 opiniones
2422 2182 2600 2259 suas⁵

487 2303 846 2367 defendisse
913 2304 1318 2384 viderentur,
1397 2304 1643 2388 aliquid
1709 2308 1922 2367 tamen
1988 2303 2116 2386 ipsi
2184 2301 2571 2384 adjecerunt.

492 2405 877 2491 Quanquam
955 2407 1314 2472 Lehmanni
1400 2409 1609 2492 ipsius
1687 2408 2149 2490 additamenta,
2226 2424 2391 2490 quae
2469 2403 2572 2468 vel

487 2513 803 2595 scriptura
847 2512 1004 2576 falsa
1048 2512 1151 2576 vel
1210 2513 1377 2576 mala
1436 2513 1777 2597 explicatio
1822 2513 1925 2576 vel
1982 2512 2148 2576 alius
2204 2529 2376 2575 error
2431 2526 2574 2592 pro·

486 2619 734 2701 genuit,
791 2638 924 2682 non
980 2617 1169 2682 modo
1227 2617 1610 2683 refutatione
1655 2617 1767 2682 sed
1815 2638 1895 2682 ne
1939 2618 2267 2682 mentione
2313 2613 2573 2700 quidem

489 2722 683 2806 digna
738 2742 877 2787 esse
933 2742 1180 2787 censeo.
1292 2722 1458 2787 Nam
1518 2723 1691 2806 quod
1744 2722 2161 2787 Lehmannus
2226 2718 2573 2799 contendit,

488 2828 858 2911 scriptorem
902 2828 1075 2892 idem
1135 2846 1337 2911 paene
1382 2827 1604 2892 eadem
1650 2829 1757 2890 via
1814 2829 1884 2890 in
1943 2826 2065 2890 hac
2108 2823 2575 2907 Necyomantia

487 2936 551 2995 et
603 2933 674 2994 in
732 2931 1215 3017 Icaromenippo
1272 2938 1568 2997 secutum
1636 2951 1775 2997 esse
1847 2937 1910 2997 et
1967 2932 2308 3014 utriusque
2377 2928 2573 3010 huJus

486 3036 686 3101 libelli
724 3037 994 3101 eandem
1038 3056 1298 3120 prorsus
1343 3056 1483 3102 esse
1527 3042 1847 3119 naturam,
1891 3035 2158 3101 eandem
2200 3034 2457 3097 faciem:
2503 3030 2575 3093 id

489 3146 552 3206 et
605 3141 684 3205 ab
739 3140 1101 3205 Wielandio
1157 3142 1574 3226 adsumptum
1633 3147 1696 3206 et
1749 3161 1832 3206 ne
1886 3160 2032 3205 vere
2089 3139 2351 3224 quidem
2400 3135 2573 3218 judi-

490 3253 705 3311 catum
748 3253 861 3310 est.
952 3246 1158 3309 Immo
1202 3266 1315 3331 per
1357 3251 1561 3310 totum
1597 3245 2155 3329 Icaromenippum
2202 3241 2318 3307 soli
2361 3239 2574 3319 riden-

489 3357 596 3415 tur
638 3351 1035 3435 philosophi:
1084 3356 1148 3415 at
1189 3353 1258 3415 in
1306 3349 1772 3434 Necyomantia
1825 3348 1926 3433 (ut
1983 3350 2063 3413 de
2117 3350 2259 3433 ipsa
2302 3345 2575 3430 psycho-

487 3457 729 3520 mantia
771 3459 1036 3536 taceam)
1081 3457 1287 3539 primo
1330 3454 1471 3519 loco
1519 3455 1750 3520 divites
1795 3463 1858 3519 et
1901 3460 2191 3539 potentes
2237 3459 2300 3516 et
2344 3469 2573 3515 secun-

492 3561 646 3625 dum
694 3562 808 3625 hos
855 3561 1116 3626 demum
1159 3561 1523 3644 philosophi
1578 3561 2022 3624 traducuntur.
2128 3557 2378 3621 Deinde
2424 3574 2572 3619 cum

489 3665 853 3730 Wielandio
897 3665 1310 3730 Lehmannus
1354 3665 1661 3729 Tiresiam
1703 3670 1914 3728 vatem
1961 3683 2012 3727 c.
2061 3664 2141 3727 21
2193 3661 2350 3725 utile
2392 3678 2575 3743 prae-

490 3775 746 3854 ceptum
794 3770 1069 3852 dedisse,
1115 3790 1247 3834 non
1292 3771 1689 3854 praedixisse
1733 3769 1953 3833 futura
1999 3768 2282 3847 miratur,
2338 3765 2574 3828 oblitus

490 3882 764 3960 uterque
821 3876 925 3940 vel
982 3875 1207 3939 Horati
1262 3874 1546 3940 Sermon.
1596 3874 1678 3955 Il,
1733 3876 1797 3955 ἴ),
1852 3875 1894 3938 2
1940 3892 2078 3957 sqq.
2168 3869 2574 3935 Wielandius

492 3987 740 4062 autem,
809 3982 923 4064 qui
981 3980 1083 4060 (ΙΙ.
1132 4000 1190 4064 p.
1239 3981 1388 4051 358)
1447 3978 1719 4043 Luciani
1786 3979 2123 4061 ingenium
2188 3977 2259 4039 in
2324 3974 2574 4056 Necyo-

491 4088 734 4150 mantia
777 4106 910 4149 non
953 4085 1061 4149 ille
1104 4086 1365 4169 quidem
1411 4084 1657 4167 ubique
1702 4084 1812 4148 sed
1858 4091 2071 4147 tamen
2116 4098 2573 4165 saepenumero

493 4191 896 4273 desideravit,
950 4191 1227 4253 nimium
1288 4190 1452 4254 male
1495 4188 1761 4272 (ibidem
1806 4209 1868 4273 p.
1916 4188 2065 4266 360)
2124 4187 2422 4270 opinatus
2480 4190 2576 4247 est

491 4296 1023 4380 psychomantian
1069 4295 1139 4358 in
1183 4295 1306 4358 hoc
1348 4293 1565 4358 libello
1612 4293 1945 4373 dilaudari,
2003 4310 2168 4375 quae
2211 4293 2426 4374 potius
2468 4289 2576 4351 hic

491 4399 884 4485 lepidissime
931 4399 1138 4464 derisa
1182 4403 1295 4465 est.
1397 4397 1522 4465 Sed
1569 4397 1973 4466 Wielandius
2012 4394 2395 4462 ratiunculis
2439 4393 2575 4462 suis
