3099 5241
1230 366 1332 424 AD
1382 366 1783 425 Lucum.
2366 368 2550 427 xm

454 540 773 607 avulsum.
807 543 997 620 esset,
1043 559 1145 608 res
1189 541 1258 607 in
1302 540 1679 625 religionem
1724 543 1940 607 venire
1982 543 2215 625 potuit,
2245 544 2430 627 quod
2469 563 2550 611 ne

458 663 612 710 ossa.
690 645 947 728 quidem
1027 645 1264 711 mortui
1329 646 1548 711 odium
1614 646 1746 712 vivi
1809 646 2097 729 posuisse
2162 647 2548 715 viderentur.

460 749 589 815 etsi
658 753 872 815 autem
938 750 1122 815 nulla
1188 750 1505 834 ejusmodi
1582 750 1840 833 scriptio
1908 750 1989 817 ad
2056 769 2172 817 nos
2239 752 2548 834 pervenit,

459 856 684 919 tamen
744 855 903 920 haec
961 854 1238 920 solitudo
1305 853 1628 937 sepulchri
1694 873 1889 937 quum
1948 855 2154 937 poetis
2213 856 2548 922 materiem

458 957 768 1042 praebere
823 959 1036 1042 potuit
1089 961 1233 1024 tum
1275 959 1486 1045 magis
1530 959 1730 1024 etiam
1772 958 2152 1025 rhetoribus.
2242 959 2551 1025 videban-

461 1066 573 1128 tur
633 1062 802 1128 enim
859 1063 948 1128 dii
1003 1063 1172 1128 hunc
1216 1062 1542 1131 hominem
1587 1062 1935 1145 punivisse,
1980 1063 2060 1128 ad
2106 1063 2287 1146 cujus
2334 1064 2549 1147 sepul·

460 1166 689 1231 chrum
749 1166 873 1249 ipsi
935 1165 1185 1231 aditum
1228 1162 1525 1232 omnibus
1571 1166 2098 1249 praeclusissent:
2146 1171 2219 1233 ut
2264 1168 2549 1235 Timonis

463 1288 615 1336 ossa
655 1271 834 1336 velut
876 1288 950 1336 ex
995 1289 1209 1336 rerum
1250 1274 1482 1336 natura
1525 1270 1888 1337 dicerentur
1931 1271 2190 1337 sublata
2223 1276 2288 1337 et
2311 1275 2548 1355 erepta.

463 1393 619 1440 nam
641 1375 792 1458 quid
829 1377 963 1441 tam
996 1378 1095 1440 est
1119 1394 1451 1441 commune
1498 1374 1763 1453 civibus,
1808 1393 2000 1458 quam
2045 1375 2238 1442 funus
2260 1377 2549 1455 mortuis,

463 1482 640 1545 terra
705 1478 1006 1564 humatis,
1087 1478 1376 1544 tumulus
1444 1479 1716 1561 sepultis
1732 1483 1766 1545 P
1878 1480 2035 1562 quin
2102 1480 2298 1546 etiam
2362 1483 2552 1563 poeta

467 1569 722 1666 aliquis
753 1583 1060 1649 cecinisse
1105 1583 1357 1649 videtur
1379 1583 1718 1648 Timonem
1761 1582 1864 1666 (ut
1887 1583 2236 1649 Tantalum
2278 1584 2551 1669 scilicet)

463 1689 729 1755 aeterna
758 1687 928 1770 apud
962 1686 1201 1752 inferos
1236 1685 1549 1770 supplicia
1581 1686 1778 1752 luere.
1847 1690 2018 1753 certe
2053 1690 2278 1771 poetas
2299 1707 2550 1772 quoque

460 1790 788 1857 Lucianus
841 1791 910 1857 in
969 1791 1153 1856 Veris
1208 1789 1512 1856 Historiis
1571 1791 1757 1869 ridet,
1813 1791 1882 1857 in
1937 1791 2169 1875 quibus
2230 1793 2295 1858 II
2337 1791 2405 1878 ,ξ
2460 1792 2543 1859 31

462 1894 605 1961 init.
697 1896 924 1961 Timon
956 1895 1199 1979 janitor
1235 1894 1433 1960 fuisse
1470 1894 1838 1978 perhibetur
1873 1895 1940 1960 in
1961 1896 2174 1961 insula
2192 1895 2548 1980 impiorum.

462 2003 609 2066 tum
652 2018 883 2066 novem
928 1999 1391 2084 epigrammata
1435 1999 1728 2066 novimus
1769 1999 1833 2065 h.
1859 2019 1909 2066 e.
1943 1999 2263 2084 sepulchri
2306 2000 2549 2080 titulos,

463 2104 700 2188 quibus
755 2103 1052 2170 omuibus
1094 2094 1340 2170 'Timon
1394 2108 1468 2169 ut
1527 2122 1673 2170 osor
1731 2104 2064 2171 hominum
2131 2105 2375 2171 derisus
2430 2109 2548 2185 est,

459 2226 782 2292 nusquam
824 2212 1044 2274 tamen
1087 2211 1162 2274 ut
1191 2207 1602 2292 sepulchrum
1647 2226 1685 2274 a
1708 2212 1879 2275 terra
1902 2205 2258 2276 abscissum
2283 2208 2549 2288 dicatur,

462 2314 572 2380 cui
615 2314 827 2379 famae
866 2312 1169 2380 Julianus
1211 2313 1280 2379 in
1300 2311 1564 2379 Anthol.
1587 2312 1725 2379 Pal.
1748 2314 1893 2392 VII,
1939 2312 2023 2379 5⁷
2030 2314 2067 2379 7
2112 2332 2241 2381 non
2286 2310 2552 2380 obscure

467 2659 671 2731 ἤνεγκε
706 2659 810 2729 τὴν
842 2662 943 2713 τοῦ
979 2656 1282 2719 Πλάτωνος
1318 2662 1629 2713 συνουσίαν.
1705 2676 1827 2716 eece
1859 2661 1964 2716 tibi
1998 2677 2120 2716 eum
2146 2662 2263 2733 ipso
2279 2661 2552 2718 mendacio

462 2748 735 2803 mendacii
782 2747 1001 2803 fontem.
1074 2764 1256 2802 revera
1302 2748 1442 2803 enim
1486 2747 1644 2802 Plato
1689 2748 1748 2803 in
1797 2747 2085 2803 Acadania
2135 2748 2371 2805 scholam
2422 2765 2548 2805 con-

463 2836 657 2894 stituit
689 2853 852 2907 prope
887 2834 1050 2890 altam
1081 2836 1290 2901 turrim,
1325 2852 1461 2906 quae
1492 2834 1662 2890 multo
1696 2838 1820 2890 ante
1847 2835 2089 2891 Platonis
2125 2839 2352 2892 aetatem
2370 2837 2547 2892 Timo-

464 2923 555 2978 nis
590 2921 768 2978 fuerat
800 2922 978 2977 adhuc
1012 2922 1211 2987 divitis,
1245 2939 1355 2977 non
1390 2922 1677 2980 constituit
1708 2939 1873 2994 prope
1910 2923 2146 2978 Timonis
2176 2926 2285 2993 jam
2298 2923 2545 2994 pauperis

394 3047 403 3056 -
465 3009 818 3081 gurgustium
852 3007 1215 3079 (καταγώγιον
1251 3009 1361 3064 sive
1400 3007 1695 3079 ἐσχατιάν).
1771 3026 1957 3079 nempe
1991 3009 2050 3064 in
2067 3026 2240 3065 errore
2256 3012 2547 3075 versantur,

465 3096 566 3168 qui
614 3096 678 3151 de
724 3096 826 3150 hoc
861 3096 1083 3151 Timone
1132 3095 1282 3166 loqui
1314 3095 1514 3150 audent
1547 3096 1702 3166 quasi
1736 3096 1801 3151 de
1832 3097 2165 3168 philosopho,
2200 3095 2547 3168 inprimisque

468 3183 737 3238 Stobaeus
773 3182 915 3238 Flor.
954 3182 1023 3248 X,
1060 3184 1131 3239 54
1166 3182 1219 3252 (Ι
1253 3200 1305 3253 p.
1342 3184 1446 3240 239
1480 3181 1606 3252 M.):
1664 3185 1852 3250 Τίμων
1887 3181 1916 3236 ὅ
1956 3182 2363 3252 μισάνθρωπος
2397 3201 2545 3236 ποι-

465 3273 593 3338 χεῖα
625 3268 737 3338 ’ἔφη
776 3270 891 3323 τῶν
923 3270 1110 3323 κακῶν
1146 3268 1290 3322 εἶναι
1328 3266 1639 3336 ἀπληστίαν
1672 3277 1767 3323 καὶ
1804 3265 2137 3339 φιλοδοξίαν
2172 3270 2454 3326 etPlinius
2489 3271 2548 3325 in

461 3357 595 3415 Nat.
632 3357 940 3424 Hist..v11‚
994 3359 1060 3414 19
1112 3357 1145 3425 ξ
1180 3358 1267 3413 80.
1340 3359 1578 3414 ceterum
1611 3356 1823 3412 Plinius
1873 3360 1933 3412 et
1967 3356 2226 3412 Stobaeus
2274 3357 2548 3413 Timonem

469 3444 860 3504 Atheniensem
902 3443 1187 3500 manifesto
1234 3443 1591 3500 confuderunt
1634 3460 1755 3500 cum
1801 3443 2020 3499 Timone
2065 3443 2321 3510 Phliasio‚
2370 3443 2546 3515 philo·

470 3532 642 3603 sopho
696 3533 930 3602 sceptico
982 3519 1094 3587 sive
1130 3531 1415 3601 Pyrroneo.
1487 3531 1670 3600 itaque
1722 3530 1923 3600 duplici
1971 3529 2125 3584 modo
2177 3530 2267 3585 hic
2318 3533 2547 3585 erratum

467 3620 571 3673 est.
646 3618 755 3684 alii,
792 3622 855 3672 ut
890 3617 1312 3695 olympiodorus,
1360 3618 1503 3671 'turri
1538 3617 1774 3673 Timonis
1809 3634 1943 3687 quae
1977 3617 2156 3675 vicina
2195 3620 2310 3672 erat
2340 3617 2546 3672 Acade·

464 3705 605 3760 miae
641 3705 852 3776 decepti
886 3705 1160 3761 Timonem
1195 3706 1436 3759 nostrum
1482 3721 1580 3775 pro
1614 3703 1932 3775 philosopho
1964 3703 2308 3759 venditarunt
2340 3702 2546 3759 Acade-

464 3793 606 3847 mico
642 3792 754 3847 sive
788 3792 1094 3856 Platonioo;
1147 3791 1256 3858 alii,
1312 3794 1376 3846 ut
1425 3791 1638 3847 Plinius
1675 3808 1839 3862 quum
1872 3792 1940 3845 ad
1958 3792 2232 3846 Timonem
2248 3790 2547 3846 Phliasium

467 3880 821 3945 aberrassent,
855 3896 952 3951 pro
985 3878 1307 3956 philosopho
1342 3879 1627 3948 Pyrroneo.
1699 3879 1827 3934 huic
1882 3879 2084 3949 duplici
2119 3879 2284 3933 errori
2317 3896 2380 3933 eo
2414 3877 2545 3933 faei-

468 3966 577 4022 lius
627 3967 914 4023 indormire
967 3967 1140 4033 licuit,
1192 3966 1335 4038 quod
1386 3969 1443 4021 et
1473 3966 1781 4021 Academici
1822 3966 2130 4037 philosophi
2182 3967 2239 4020 et
2289 3965 2547 4035 Pyrronei

468 4053 624 4108 ambo
667 4053 886 4110 fuerunt
930 4054 1169 4125 sceptici.
1241 4053 1339 4108 sed
1384 4037 1824 4109 flemsterhusius
1885 4053 1957 4107 ad
2015 4054 2237 4109 Luciau.
2284 4053 2316 4107 I
2349 4070 2402 4123 p.
2439 4056 2547 4110 352

468 4140 655 4196 Lehm.
709 4145 775 4197 ut
820 4141 940 4211 jure
999 4140 1324 4211 indignatur,
1378 4141 1521 4211 quod
1570 4140 1906 4212 philosophis
1958 4140 2241 4196 adcensere
2276 4140 2548 4195 Timonem

450 4217 853 4289 'Atheniensem
904 4229 1115 4298 antiqui
1165 4229 1450 4299 scriptores
1504 4245 1613 4283 non
1665 4228 1992 4293 erubuerint,
2044 4229 2123 4282 ita
2156 4243 2368 4283 eausam
2402 4226 2546 4282 tanti

469 4315 661 4370 erroris
695 4315 780 4370 vir
813 4332 1048 4371 summus
1082 4332 1151 4370 ne
1185 4331 1434 4386 quaerere
1469 4315 1685 4386 quidem
1719 4318 1885 4382 curet,
1920 4315 2117 4371 nedum
2149 4313 2417 4384 indagare.
