3099 5241
524 409 684 465 LXX
1368 411 1467 467 DE
1520 410 1756 466 LIBRIS

527 584 979 668 ,Προμηθεύς
1047 583 1419 670 λυόμενος’,
1505 609 1673 674 quae
1749 588 1973 654 ambae
2048 588 2337 671 ejusdem
2402 593 2612 672 partes

527 691 781 756 fuerant
823 693 1128 777 trilogiae.
1218 695 1309 763 At
1354 693 1606 760 Bekker
1650 713 1813 778 quos
1859 693 1995 756 dixi
2054 691 2336 777 dialogos
2388 691 2612 756 XVIII

530 801 591 860 et
636 794 774 861 XX
831 799 1155 862 numerari
1203 800 1418 882 jussit,
1476 818 1678 882 quum
1736 800 1806 862 in
1863 796 2074 861 medio
2128 797 2613 880 interposuisset

530 900 1010 986 infersissetque
1059 903 1362 987 ,dialogos
1406 903 1706 967 marinos‘
1758 904 1883 983 (no.
1931 899 2140 976 XIX).
2234 899 2422 977 Quod
2464 900 2614 964 faci-

531 1024 659 1069 nus
716 1025 846 1089 qua
900 1006 979 1071 de
1034 1025 1229 1071 causa
1274 1007 1621 1089 admiserit,
1684 1026 1804 1071 nos
1846 1007 2000 1071 latet
2041 1006 2359 1089 latuitque
2402 1005 2614 1088 ipsum

530 1108 795 1174 fortasse
853 1109 1237 1177 Bekkerum.
1348 1110 1445 1177 De
1512 1111 1654 1177 aliis
1720 1110 1935 1192 rebuS,
2005 1129 2171 1193 quae
2228 1109 2308 1173 ad
2367 1109 2615 1191 ¹iustum

534 1213 823 1278 ordinem
871 1215 1268 1300 dialogorum
1311 1220 1623 1300 spectant,
1682 1215 1851 1279 infra
1895 1215 2175 1279 dicetur:
2233 1232 2414 1278 nunc
2476 1213 2616 1296 qui-

537 1317 681 1380 dem
723 1318 911 1401 plura
956 1320 1271 1401 ejusmodi
1316 1320 1546 1386 addere
1591 1321 1783 1403 piget.
1853 1319 2021 1384 Nam
2066 1317 2318 1383 Bekker
2360 1317 2476 1381 has
2518 1335 2616 1381 res

537 1441 725 1505 saepe
791 1442 873 1487 ne
937 1425 1148 1507 potuit
1214 1424 1476 1507 quidem
1528 1424 1884 1507 intelligere
1941 1427 2135 1506 atque
2203 1422 2349 1488 ideo
2408 1438 2619 1504 neque

537 1528 821 1591 constitit
865 1527 989 1592 sibi
1033 1530 1103 1591 in
1147 1530 1471 1613 proposito
1516 1547 1732 1612 neque
1792 1529 2053 1591 omnino
2115 1527 2292 1610 quod
2336 1525 2621 1589 voluerat

540 1630 886 1696 adsecutus
932 1638 1045 1697 est.
1135 1633 1439 1717 Inprimis
1484 1653 1633 1699 vero
1689 1634 1756 1696 in
1813 1631 2007 1696 rebus
2060 1631 2377 1696 historicis
2437 1647 2621 1713 saepe

542 1737 794 1818 erravit,
843 1738 1082 1820 quippe
1128 1739 1242 1821 qui
1284 1736 1560 1801 Luciani
1603 1738 1800 1801 vitam
1846 1736 2209 1818 literariam,
2268 1736 2442 1799 varia
2486 1736 2622 1817 ejus

540 1839 669 1902 fata
714 1846 776 1904 et
821 1841 1025 1903 multa
1068 1841 1192 1905 alia
1237 1861 1402 1925 quae
1458 1841 1539 1906 ad
1597 1841 1774 1905 illius
1831 1843 2053 1905 aetatis
2098 1845 2387 1924 spectant
2430 1841 2624 1903 histo-

542 1945 725 2025 riam,
781 1964 1009 2028 parum
1073 1948 1329 2030 cognita
1383 1946 1658 2013 haberet.
1764 1944 1888 2020 Qui
1946 1946 2065 2010 etsi
2110 1944 2623 2027 chronologicum

545 2048 831 2112 ordinem
887 2050 1080 2114 nimis
1139 2051 1443 2134 neglexit,
1504 2056 1719 2117 tamen
1765 2050 1845 2115 ad
1891 2055 2266 2133 argumenta
2319 2048 2626 2112 librorum

542 2151 735 2236 paulo
781 2155 987 2237 magis
1025 2156 1369 2221 attendisse
1413 2156 1685 2220 videtur.
1779 2152 1994 2231 Quum
2037 2160 2251 2219 autem
2297 2158 2388 2216 tot
2431 2151 2627 2216 libros

544 2255 829 2320 Luciano
896 2260 1144 2341 primus
1212 2266 1502 2344 ereptum
1568 2262 1823 2342 ivisset,
1890 2260 2233 2341 rhetorica,
2310 2258 2628 2338 historica,

543 2361 942 2446 philosopha,
988 2365 1241 2428 satirica
1271 2384 1459 2449 opera
1491 2366 1883 2448 conjungere
1914 2364 2177 2427 omnino
2223 2381 2352 2426 non
2398 2361 2629 2445 potuit,

547 2466 785 2529 nedum
833 2467 1057 2532 ordine
1095 2470 1269 2551 justo
1317 2469 1673 2553 disponere.
1764 2468 1993 2552 Itaque
2040 2466 2291 2531 Bekker
2333 2466 2628 2550 exemplo

548 2590 666 2635 suo
725 2571 959 2655 docuit,
1020 2579 1260 2657 quanto
1318 2574 1574 2642 facilius
1634 2574 1717 2639 sit
1781 2573 1940 2640 falsa
2008 2572 2369 2657 vituperare
2436 2589 2629 2655 quam

547 2677 764 2760 ipsum
799 2677 1088 2742 invenire
1127 2679 1405 2745 meliora.
1484 2680 1790 2744 Attamen
1824 2680 1893 2742 in
1933 2678 2413 2742 continuatione
2444 2675 2632 2739 libro·-

548 2800 695 2844 rum
758 2781 914 2865 quid
966 2785 1371 2867 potissimum
1432 2790 1695 2850 secutus
1742 2785 1844 2865 sit,
1902 2784 2042 2868 ipse
2083 2784 2313 2867 partim
2360 2780 2634 2845 declarat

549 2886 621 2948 in
651 2884 1191 2970 Praefatiuncula,
1239 2909 1404 2972 quae
1448 2891 1641 2970 (sicut
1683 2888 1959 2954 Bekkeri
2002 2888 2343 2972 pleraeque
2387 2885 2633 2969 omnes)

552 2996 682 3053 tam
741 2991 1060 3075 eleganter
1119 2995 1351 3077 scripta
1408 3000 1519 3076 est,
1576 2998 1652 3057 ut
1710 2991 1778 3057 F.
1826 2991 1906 3056 A.
1953 2991 2170 3055 Wolfii
2233 2990 2635 3075 disciplinam

552 3094 736 3160 facile
782 3116 1106 3179 agnoscas.
1194 3097 1323 3166 Hic
1379 3100 1582 3183 igitur
1631 3100 1910 3183 primum
1953 3096 2286 3164 Bekkerus
2347 3096 2638 3179 queritur

552 3198 824 3264 Luciani
913 3202 1225 3285 opuscula
1315 3203 1648 3267 commoda
1740 3202 2017 3286 quadam
2104 3205 2216 3264 aut
2299 3201 2638 3285 perspicua

553 3306 799 3369 ratione
864 3325 1191 3389 nusquam
1271 3305 1570 3370 distribui
1641 3314 1835 3390 atque
1900 3326 1974 3372 eo
2040 3306 2302 3370 nomine
2371 3305 2639 3387 ,temeri-

556 3409 766 3472 tatem‘
816 3409 1131 3478 editorum
1173 3411 1452 3494 graviter
1498 3416 1772 3475 accusat.
1840 3411 2002 3475 Tum
2048 3412 2135 3474 ita
2179 3410 2387 3495 pergit
2417 3407 2640 3472 verbo-

556 3518 781 3577 tenus:
845 3520 1203 3598 ,postquam
1249 3516 1538 3580 animum
1586 3515 1668 3580 ad
1725 3515 2044 3580 edendum
2105 3515 2345 3599 appuli,
2403 3513 2641 3596 inquit,

558 3617 720 3680 nihil
763 3617 961 3682 habui
1007 3620 1342 3703 antiquius
1390 3641 1583 3705 quam
1630 3624 1704 3684 ut
1748 3640 1888 3685 eam
1945 3621 2398 3705 investigarem
2454 3638 2642 3682 con-

560 3724 1114 3790 tinuationem
1196 3726 1658 3810 seriemque
1741 3726 2134 3807 libellorum,
2221 3744 2351 3808 qua
2430 3723 2642 3787 alius

561 3848 660 3893 ex
716 3829 879 3893 alio
940 3847 1209 3894 nexus
1266 3834 1344 3894 et
1401 3850 1680 3896 omnes
1735 3832 1954 3895 inter
2021 3848 2102 3894 se
2169 3829 2342 3913 apti
2389 3813 2644 3891 'colli-

561 3935 901 4019 gatique
956 3934 1477 4002 viderentur‘.
1567 3936 1855 4020 Adparet
1913 3953 2231 3999 summam
2285 3934 2379 3998 rei
2431 3931 2645 4000 verbis

564 4039 875 4104 contineri
917 4041 1276 4124 postremis,
1333 4040 1460 4106 illis
1519 4040 1780 4125 quidem
1836 4039 2346 4123 elegantissimiS,
2407 4037 2646 4122 quippe

567 4163 733 4227 quae
776 4144 982 4228 ipsius
1038 4147 1169 4212 sint
1209 4144 1403 4212 Tullii
1446 4143 1543 4212 De
1590 4150 1718 4210 nat.
1767 4145 1935 4212 deor.
1984 4143 2037 4226 I,
2079 4143 2124 4207 4
2171 4144 2208 4225 ἓ
2254 4145 2295 4209 9
2340 4142 2477 4223 fin.,
2537 4140 2647 4205 ubi

564 4249 721 4318 haec
777 4248 1112 4332 leguntur:
1172 4269 1412 4331 ‚omnes
1469 4250 1609 4333 ejus
1664 4247 1906 4329 (Cicero
1964 4248 2118 4312 dicit
2158 4246 2647 4332 philosophiam)

564 4359 778 4437 partes
837 4360 1031 4438 atque
1086 4355 1302 4420 omnia
1355 4354 1642 4420 membra
1700 4359 1841 4418 tum
1902 4353 2203 4418 facillime
2269 4355 2650 4432 noscuntur,
