3099 5241
1090 423 1432 501 ENAAmI
1472 423 1847 475 ΔιΑΛοιοι.
2360 388 2504 461 103

429 589 692 662 τουτονὶ
768 585 888 661 τὸν
964 598 1030 659 ἐκ
1106 591 1504 679 Μηθύμνης
1586 592 1935 681 ἀναλαβών
2026 589 2367 680 ἐξήνεγκας
2445 596 2509 666 ἐς

442 698 773 785 Ταίναρον
821 697 988 785 αὐτῇ
1035 688 1228 785 σκευῇ
1273 698 1378 763 καὶ
1420 696 1690 785 κιθάρᾳ,
1752 696 1907 764 οὐδὲ
1950 697 2265 784 περιεῖδες
2306 701 2510 770 κακῶς

429 801 563 869 ὑπὸ
607 808 737 868 τῶν
781 807 1041 868 ναυτῶν
1086 798 1568 887 ἀπολλύμενον.
1641 801 1928 869 ΔΕΛΦ.
1978 799 2077 888 μὴ
2118 797 2503 886 θαυμάσῃς,

432 901 480 972 ὦ
516 903 876 986 Πόσειδον,
928 908 988 971 εἰ
1025 901 1181 980 τούς
1225 903 1625 991 ἀνθρώπους
1669 901 1739 972 εὖ
1785 912 2111 991 ποιοῦμεν
2157 908 2219 981 ἐξ
2244 901 2511 989 ἀνθρώ-

431 1034 573 1076 πων
616 1036 692 1100 γε
733 1010 839 1075 καὶ
886 1009 1074 1076 αὐτοὶ
1121 1006 1343 1099 ἰχθύες
1386 1009 1756 1098 γενόμενοι.
1830 1010 2053 1079 ΠΟΣ.
2105 1010 2212 1075 καὶ
2241 1009 2511 1095 μέμφο-

430 1114 559 1199 μαί
597 1140 671 1202 γε
714 1120 800 1200 τῷ
825 1111 1150 1202 Διονύσῳ,
1202 1114 1301 1180 ὅτι
1344 1112 1525 1200 ὑμᾶς
1552 1111 2150 1204 καταναυμαχήσας
2169 1112 2507 1200 μετέβαλε,

435 1218 584 1284 δέον
626 1216 1066 1306 χειρώσασθαι
1107 1214 1348 1304 μόνον,
1400 1219 1618 1304 ὥσπερ
1661 1218 1817 1294 τούς
1850 1217 2080 1294 ἄλλους
2106 1214 2505 1307 ὑπηγάγετο.

432 1327 571 1396 πῶς
637 1321 700 1387 δ’
771 1317 894 1390 οὖν
958 1320 1041 1388 τοὶ
1108 1319 1272 1388 κατὰ
1326 1320 1442 1389 τὸν
1494 1322 1764 1408 Ἀρίονα
1818 1329 2058 1389 τοῦτον
2114 1323 2388 1412 ἐγένετο,
2463 1315 2510 1386 ὦ

433 1417 675 1511 Δελφίν
687 1454 714 1507 ,·
759 1428 822 1494 2.
884 1426 1172 1493 ΔΕΛΦ.
1241 1424 1275 1492 ὁ
1303 1425 1734 1512 Περίανδρος,
1786 1425 1997 1513 οἶμαι,
2045 1413 2300 1515 ἔχαιρεν
2339 1423 2511 1512 αὐτῷ

431 1530 537 1595 καὶ
602 1527 908 1605 πολλάκις
963 1531 1426 1616 μετεπέμπετο
1488 1528 1694 1597 αὐτὸν
1753 1531 1861 1598 ἐπὶ
1918 1537 2000 1619 τῇ
2058 1530 2271 1619 τέχνῃ,
2345 1526 2380 1595 ὃ
2445 1529 2513 1594 δὲ

435 1704 709 1775 Euripidis
777 1704 888 1759 fere
959 1707 1138 1760 aetate
1207 1705 1466 1776 seriptum
1533 1721 1666 1760 esse.
1775 1707 1831 1759 et
1888 1720 2058 1776 nuper
2117 1704 2379 1774 Bergkius
2448 1704 2510 1759 P.

435 1792 560 1861 Lyr.
614 1792 705 1847 ΠΙ
766 1809 819 1863 p.
875 1793 979 1850 872
1047 1791 1128 1847 ed.
1193 1794 1319 1847 tert.
1384 1792 1612 1848 similem
1674 1792 1992 1847 sententiam
2040 1791 2188 1847 tulit.
2239 1807 2363 1846 nam
2412 1791 2514 1845 hoo

436 1878 811 1948 glyconeorum
873 1895 1042 1948 genus
1095 1879 1270 1934 brevis
1324 1880 1439 1935 aevi
1489 1878 1622 1944 fuit,
1687 1895 1912 1949 quorum
1960 1894 2294 1933 numerorum
2344 1894 2513 1949 neque

436 1968 560 2019 ante
595 1964 905 2035 Euripidem
937 1981 1110 2035 neque
1143 1965 1314 2020 multo
1347 1968 1473 2035 post
1505 1966 1676 2020 ullum
1710 1968 1884 2020 exstat
1915 1966 2217 2035 vestigium.
2290 1965 2518 2035 denique

431 2052 649 2106 ultimos
684 2069 895 2107 versus:
933 2051 1114 2120 φῶτες
1151 2049 1421 2105 δόλιοι-
1441 2051 1647 2123 ἔριψαν
1681 2055 1737 2107 et
1767 2069 2108 2123 praegressos
2142 2052 2268 2107 inde
2301 2052 2367 2107 ab
2402 2071 2452 2107 v.
2482 2054 2517 2108 8

432 2139 669 2193 intuenti
701 2138 955 2193 credibile
987 2138 1257 2194 videbitur
1288 2139 1478 2209 hymni
1508 2140 1656 2194 illius
1690 2143 1902 2211 poetam
1934 2139 2195 2194 Herodoti
2227 2140 2274 2206 Ι,
2292 2141 2362 2195 28
2396 2155 2517 2193 nar·

433 2226 693 2280 rationem
736 2226 907 2296 ipsius
949 2225 1059 2295 jam
1103 2226 1370 2295 cognitam
1414 2227 1685 2281 habuisse.
1828 2224 2049 2295 Δελφὶς.
2090 2222 2406 2280 Ποσειδῶν.
2445 2225 2513 2288 A,

434 2309 654 2381 Δελφίς.
687 2309 904 2380 Ἀρίων.
944 2309 1260 2366 Ποσειδῶν.
1299 2314 1360 2379 F,
1397 2311 1602 2382 Δελφὶς
1634 2319 1728 2365 καὶ
1749 2310 1950 2382 Ἀρίων
1966 2320 2060 2366 καὶ
2077 2309 2375 2367 Ποσειδῶν
2390 2313 2513 2367 ΩΜ.

578 2401 626 2454 1.
698 2397 888 2467 Ἰνοῦς]
938 2416 1041 2454 ras,
1080 2401 1140 2454 in
1185 2403 1314 2455 extr.
1356 2400 1475 2469 syll.
1511 2403 1581 2453 Ω.
1739 2398 1831 2453 ἐπὶ
1868 2397 2010 2468 (Bm
2056 2403 2112 2455 et
2144 2419 2192 2467 v,
2242 2394 2319 2457 εἷς
2360 2400 2515 2465 Aca

438 2483 491 2543 ἒς
524 2488 592 2538 Ω.
738 2482 1152 2554 ὑποδεξάμενοι
1184 2485 1285 2544 BQ
1319 2490 1375 2541 et
1389 2506 1438 2552 v,
1475 2483 1776 2556 δεξάμενοι
1794 2487 2000 2543 ΑΟΩΕ.
2144 2483 2518 2557 σκειρωνίδων

434 2573 686 2640 EAG-913¹,
739 2570 1100 2642 Σκιρωνίδων
1136 2570 1186 2632 21
1223 2576 1279 2629 et
1310 2592 1358 2629 v.
1517 2594 1576 2642 μ.
1617 2594 1666 2628 τ.
1712 2594 1771 2643 μ.
1824 2571 2068 2643 ἐμπεσὸν
2115 2572 2394 2644 (ἐμπεσὼν
2440 2571 2516 2643 8)]

438 2658 683 2729 ἐμπεσὸν
715 2660 860 2728 μετὰ
892 2660 991 2728 τῆς
1022 2661 1236 2730 μητρὸς
1252 2659 1320 2720 21.
1464 2668 1559 2713 καὶ
1591 2661 1690 2715 νῦν
1727 2661 1810 2730 σὺ]
1847 2668 1942 2714 καὶ
1980 2660 2042 2713 σὺ
2069 2662 2165 2715 νῦν
2180 2663 2246 2718 Α.
2388 2681 2515 2715 του-

434 2757 557 2801 τονὶ
590 2748 808 2813 ΑΩΜῈ,
861 2747 1061 2800 τοῦτον
1096 2747 1186 2817 (Β)
1223 2751 1279 2803 et
1310 2766 1357 2813 v,
1396 2745 1610 2801 ἐκεῖνον
1643 2746 1710 2807 21.
1869 2744 2107 2815 ἐξενήξω
2146 2747 2330 2817 (ΒΩ)];ΙἹ
2379 2752 2436 2804 et
2467 2767 2515 2814 V,

438 2831 678 2901 ἐξενήξω
716 2851 802 2888 om
834 2851 880 2899 a,
914 2851 1010 2906 pro
1046 2851 1107 2889 eo
1145 2831 1427 2902 ἐξενηξαις
1445 2833 1568 2903 (sio)
1587 2831 1653 2892 21.
1728 2834 1816 2889 his
1851 2835 2064 2890 indiciis
2102 2852 2200 2905 ego
2227 2832 2518 2904 ἐξήνεγκας

435 2920 666 2976 restitui.
737 2937 822 2975 res
856 2924 1008 2992 patet
1039 2922 1282 2993 inprimis
1332 2922 1492 2976 etiam
1530 2937 1593 2975 ex
1625 2921 1899 2976 Herodoto
1933 2921 1978 2986 Ι,
2014 2924 2109 2977 23:
2155 2919 2382 2990 Ἀρίονα
2416 2921 2517 2975 τὸν

435 3008 818 3075 Μηθυμναῖον
855 3007 947 3061 ἐπὶ
983 3004 1241 3077 δελφῖνος
1277 3006 1659 3075 ἐξενειχθέντα
1699 3006 1791 3060 ἐπὶ
1830 3010 2110 3076 Ταίναρον
2149 3011 2206 3062 et
2237 3009 2433 3063 iterum
2467 3024 2513 3063 e.

438 3097 533 3150 24:
577 3093 678 3147 τὸν
715 3091 776 3147 δὲ
815 3090 1050 3164 δελφῖνα
1091 3092 1310 3165 λέγουσι
1352 3091 1709 3164 ὑπολαβόντα
1757 3092 2028 3156 ἐξενεῖκαι
2072 3092 2164 3148 ε’πὶ
2213 3096 2510 3162 Ταίναρον.

438 3181 528 3235 hie
563 3198 728 3251 quum
772 3181 883 3250 legi
926 3182 1143 3237 verbum
1184 3183 1274 3236 vix
1307 3184 1504 3252 posset,
1555 3182 1826 3251 vulgatam
1869 3182 2258 3253 interpolarunt
2291 3199 2353 3236 ex
2388 3181 2420 3249 ἓ
2454 3184 2515 3237 2:

441 3264 786 3335 ἐξενηξάμην
822 3266 957 3334 ἔχων
993 3266 1046 3325 ἐς
1084 3271 1380 3337 Ταίναρον.
1455 3285 1594 3323 unus
1629 3270 1689 3323 in
1720 3269 1938 3338 vulgata
1952 3269 2388 3324 Hemsterhusius
2423 3269 2517 3323 ob·
2579 3298 2596 3311 ν

438 3354 615 3408 haesit
649 3353 1007 3424 conjecitque:
1057 3352 1294 3422 ἐξενήξω
1346 3353 1401 3413 ἐς
1449 3358 1731 3424 Ταίναρον
1768 3359 1959 3424 φέρων
2003 3356 2184 3411 addito
2216 3357 2515 3426 participio,

581 3436 637 3494 εἰ
663 3439 814 3509 τοὺς]
856 3436 933 3498 εἷς
964 3440 1092 3500 τοὺς
1126 3443 1193 3498 Α.
1337 3463 1398 3513 γε
1434 3449 1528 3495 καὶ
1547 3441 1636 3511 (Β)
1673 3445 1729 3497 et
1744 3461 1791 3509 v,
1828 3442 1923 3497 sed
1955 3462 2015 3512 γε
2053 3460 2138 3497 om
2167 3441 2376 3501 &LA-91³¹.

440 3529 612 3580 ΠΟΣ.
669 3524 813 3596 (Bm
859 3530 915 3582 et
945 3547 993 3594 v,
1043 3545 1322 3598 personam
1366 3546 1452 3583 om
1495 3528 1640 3584 AFT
1687 3528 1773 3597 (de
1806 3531 1858 3581 Ω
1890 3546 1999 3584 non
2031 3529 2239 3600 liquet).
2377 3527 2520 3598 ὑμᾶς

440 3611 582 3683 (Β)ἓῐ
616 3616 672 3669 et
705 3633 752 3680 v,
787 3612 935 3683 ἡμᾶς
967 3615 1159 3670 ΑΕΤΩ
1187 3616 1288 3685 (ita
1302 3615 1391 3684 Ω).
1535 3614 2030 3684 καταναυμαχήσας
2043 3616 2219 3685 v'ulg0‚
2254 3635 2515 3669 κατεναυ-

439 3699 651 3769 μάχησε
698 3707 792 3754 καὶ
828 3699 1024 3759 ἩΑΩἘ
1066 3705 1122 3757 et
1166 3702 1393 3758 fortasse
1437 3703 1541 3758 CM
1588 3704 1682 3773 qui
1723 3703 1876 3757 ambo
1919 3702 2061 3774 apud
2101 3703 2369 3757 Belinum:
2425 3708 2518 3754 καὶ

440 3786 889 3856 κατεναυμάχησε
942 3795 1053 3851 καὶ,
1120 3790 1345 3860 denique
1408 3787 1903 3858 καταναυμαχήσας
1959 3795 2052 3841 καὶ
2104 3790 2167 3845 Β.
2239 3789 2299 3843 in
2346 3788 2517 3843 literis

440 3877 636 3928 EKAI
664 3874 798 3930 latet
831 3875 1037 3945 opinor:
1073 3870 1214 3945 εἰκῆ,
1253 3877 1690 3953 niz-scribendum
1723 3877 1824 3932 sit:
1867 3874 2359 3945 καταναυμαχήσας
2397 3871 2517 3944 eim?

440 4010 708 4084 μετέβαλε
745 4016 870 4085 apta
901 4014 1182 4071 sententia.
1331 3979 1459 4085 post
1490 4012 1800 4086 ὑπηγάγετο
1839 3988 1924 4070 est
1955 4016 2066 4067 110.
2106 3958 2278 4083 (ποσδ
2355 4012 2424 4083 F)
2462 4014 2521 4068 in

443 4101 599 4166 TUF,
632 4101 758 4156 inA
792 4101 1005 4169 signum
1020 4118 1288 4172 personae.
1428 4100 1547 4159 πῶς
1583 4099 1638 4154 δ’
1679 4091 1780 4154 οὖν
1795 4101 2208 4166 ΑΟΩΜΕΤΠΧ,
2242 4100 2361 4158 πῶς
2388 4100 2521 4170 γοῦν

443 4183 511 4249 ἓῐ,
563 4184 713 4244 ὅπως
752 4185 887 4257 γοῦν
920 4187 1018 4242 ΒΔ
1061 4190 1117 4242 et
1163 4187 1279 4242 edd.
1325 4192 1448 4244 ante
1482 4189 1963 4244 Hemsterhusium.
2117 4185 2343 4258 Ἀρίονα
2380 4185 2430 4245 ἓῑ
2465 4191 2523 4242 et

441 4291 489 4339 v,
520 4270 758 4343 Ἀρίωνα
792 4273 889 4329 AF
925 4276 982 4328 et
1013 4274 1072 4328 in
1104 4290 1190 4329 rae
1224 4277 1292 4338 Ω,
1325 4273 1583 4344 Ἀρείονα
1615 4277 1662 4332 Β
1697 4276 1757 4329 in
1790 4278 1943 4331 textu
1976 4278 2032 4330 et
2064 4275 2284 4330 scholio,

581 4363 630 4419 2.
701 4367 798 4415 καὶ
829 4356 1094 4419 πολλάκις
1126 4381 1186 4428 μ.
1227 4381 1280 4414 α.
1323 4360 1367 4416 ε’.
1405 4362 1473 4435 τῇ
1510 4365 1667 4435 τέχνῃ
1703 4362 1751 4418 Β
1785 4364 1843 4418 et
1874 4381 1922 4428 v,
1960 4368 2055 4416 καὶ
2087 4359 2269 4416 πολλὰ
2304 4358 2517 4432 ἐδωρή-
