3099 5241
659 1559 983 1624 Lucianus
1042 1580 1244 1644 quum
1300 1559 1583 1644 dialogos
1640 1557 1912 1624 scribere
1968 1560 2292 1644 coepisset,
2350 1564 2565 1624 tamen

486 1669 551 1728 et
593 1683 801 1749 genus
848 1665 1101 1729 dicendi
1145 1665 1396 1730 forense
1443 1670 1637 1748 atque
1683 1665 1955 1748 speciem
1984 1663 2375 1746 judiciorum
2404 1664 2586 1728 non--¹

442 1852 449 1863 ἱ
488 1789 829 1852 nunquam
875 1770 1172 1852 servavit,
1216 1774 1292 1833 ut
1334 1770 1404 1833 in
1436 1762 1477 1832 J
1481 1769 1696 1833 udicio
1725 1767 2081 1850 Vocalium,
2126 1769 2197 1831 in
2225 1767 2567 1849 Piscatore,

482 1874 554 1937 in
597 1873 714 1937 Bis
760 1874 1101 1956 Accusato,
1163 1880 1225 1937 et
1268 1878 1645 1958 argumenta
1687 1873 2000 1938 rhetorica
2040 1873 2275 1965 partim
2316 1872 2569 1955 repetiit

484 1979 651 2043 sicut
713 1980 779 2041 in
849 1977 1063 2042 libello
1125 1976 1199 2040 K
1203 1974 1535 2050 ατὰπλους
1590 1973 1634 2058 ἢ
1687 1972 2031 2059 τύραννος,
2106 1995 2301 2062 quam
2358 1975 2566 2040 dicere

484 2082 633 2147 licet
691 2084 968 2164 ,tyranni
1027 2070 1517 2147 accusationem‘
1578 2082 1830 2147 tametsi
1887 2081 1953 2143 in
2013 2080 2282 2144 formam
2329 2080 2566 2164 dialogi

480 2186 737 2251 redacta
792 2170 906 2252 est.
1011 2186 1180 2250 Nam
1238 2188 1611 2271 superstites
1657 2186 2164 2266 exercitationeS,
2221 2183 2567 2266 Τυραννο-

487 2287 718 2363 κτόνος
760 2296 825 2356 et
876 2286 1158 2373 Φάλαρις
1204 2286 1286 2354 α’.
1336 2287 1409 2375 β’
1465 2292 1633 2374 (sive
1691 2288 1855 2372 ὑπὲρ
1910 2284 2295 2370 Φαλάριδος,
2361 2288 2569 2352 111ῑέιῆ

484 2394 756 2459 Photius
823 2397 894 2459 in
953 2394 1255 2460 Biblioth.
1320 2395 1456 2460 cod.
1513 2415 1616 2460 no.
1666 2395 1789 2461 128
1850 2392 2020 2478 init.)
2084 2394 2301 2457 rhetor
2363 2391 2568 2457 multo

486 2503 633 2564 ante
679 2499 981 2564 ediderat.
1075 2499 1255 2576 Quae
1299 2519 1383 2564 ex
1425 2501 1547 2564 hoo
1578 2519 1810 2585 genere
1841 2499 2216 2583 scriptiones
2245 2498 2568 2581 genuinae

482 2605 562 2669 ad
606 2625 726 2669 nos
771 2609 1222 2689 pervenerunt,
1279 2626 1551 2670 numero
1605 2623 1960 2690 perpaucae
2015 2607 2170 2667 sunt
2226 2607 2290 2668 et
2345 2620 2567 2667 omnes

480 2709 918 2775 brevissimae.
1006 2711 1212 2796 Atqui
1270 2711 1340 2774 in
1394 2710 1510 2775 Bis
1556 2710 1792 2775 Aecus.
1842 2729 1894 2773 o.
1942 2710 2028 2775 32
2086 2710 2225 2792 ipse
2278 2712 2567 2789 testatur,

482 2834 551 2879 se
588 2816 723 2898 jam
770 2815 1193 2899 quadra-ginta
1235 2815 1365 2880 fere
1410 2834 1614 2879 annos
1658 2819 1885 2879 natum
1929 2814 2275 2878 rhetoricae
2305 2813 2566 2880 tandem

490 2919 895 2983 valedixisse.
986 2920 1094 2984 Ex
1140 2940 1270 3004 quo
1314 2922 1627 3004 sequitur,
1674 2918 2032 3003 complures
2060 2917 2356 3001 μελέτας,
2408 2936 2568 3001 quas

475 3024 738 3105 juvenis
804 3024 1106 3106 ediderat,
1173 3044 1352 3089 nunc
1416 3025 1728 3089 interisse.
1820 3022 1995 3087 Illud
2047 3041 2163 3107 pro
2224 3026 2393 3087 certo
2452 3021 2565 3085 ad-

481 3126 844 3211 firmamus,
923 3128 1213 3194 libellum
1277 3127 1548 3193 Luciani
1628 3128 2016 3193 rhetoricum
2082 3128 2353 3211 perisse,
2434 3144 2563 3210 quo

464 3233 820 3319 ‚scripserat
864 3230 1300 3315 ,ἀριστέων
1347 3231 1801 3308 ὲπαίνουςς
1854 3233 2023 3296 sicut
2064 3232 2135 3295 in
2178 3230 2294 3295 Bis
2324 3231 2561 3295 Accus.
2621 3250 2630 3256 ·

482 3356 534 3399 c.
574 3337 661 3401 32
704 3338 844 3421 ipse
888 3339 1229 3402 memoriae
1273 3337 1569 3421 prodidit.
1660 3335 1758 3402 De
1802 3337 1944 3401 aliis
1984 3335 2351 3418 LucianeiS,
2399 3355 2565 3421 quae

479 3442 811 3525 postmodo
879 3444 1115 3526 scripta
1179 3443 1332 3507 item
1410 3443 1745 3526 perierint,
1824 3442 1971 3526 plus
2050 3441 2339 3506 divinare
2417 3441 2567 3504 licet

483 3566 678 3630 quam
725 3548 907 3629 scire,
954 3566 1085 3610 uno
1131 3546 1292 3610 libro
1338 3551 1606 3631 excepto
1650 3542 2045 3627 Σωστράτου
2085 3545 2252 3628 βίος,
2316 3547 2387 3609 in
2436 3565 2564 3629 quo

480 3652 812 3715 verissima
875 3652 1141 3715 historia
1193 3654 1399 3716 inerat
1453 3652 1595 3715 sine
1651 3651 1783 3714 ullo
1838 3651 2194 3715 mendacio.
2297 3649 2437 3713 Etsi
2492 3651 2564 3713 in

481 3755 792 3841 librorum
839 3756 1181 3821 editionem
1228 3757 1385 3821 adeo
1428 3755 1538 3819 ille
1583 3754 1928 3839 pruriebat,
1974 3759 2049 3818 ut
2091 3774 2175 3818 ne
2212 3754 2565 3819 mendaciis

482 3861 745 3945 quidem
789 3862 1215 3925 monstruosis
1260 3860 1627 3942 abstineret,
1674 3859 2213 3944 quemadmodum
2259 3859 2568 3944 gloriatur

475 3966 548 4028 in
593 3964 742 4029 Ver.
788 3964 957 4029 Hist.
1005 3966 1057 4048 l,
1099 3967 1173 4031 4:
1243 3968 1383 4029 ἐπεὶ
1444 3962 1662 4047 μηδὲν
1722 3959 1968 4047 ἀληθὲς
2029 3966 2308 4045 ἱστορεῖν
2363 3960 2556 4049 εἶχον,

478 4065 696 4153 (οὐδὲν
738 4064 862 4156 γάρ
909 4065 1311 4135 ἐπεπόνθειν
1359 4066 1744 4156 ἀξιόλογον),
1811 4068 1917 4132 ἐπὶ
1962 4064 2036 4132 τὸ
2083 4067 2330 4154 ψεῦδος
2374 4072 2563 4150 ἐτρα-

477 4169 733 4257 πόμην.
830 4174 1155 4258 Nimirum
1197 4176 1369 4240 idem
1416 4176 1684 4259 scriptor
1725 4178 1790 4239 et
1820 4172 2232 4238 Demonactis
2274 4178 2339 4239 et
2369 4174 2564 4259 paulo

479 4285 626 4345 ante
669 4279 933 4345 Sostrati
975 4282 1174 4345 vitam
1219 4281 1553 4362 enarravit,
1596 4281 1682 4344 id·
1713 4279 1884 4363 quod
1929 4298 1964 4344 e
2008 4278 2381 4345 Demonact.
2430 4297 2481 4342 c.
2524 4280 2557 4343 l

478 4405 572 4470 sq.
633 4390 802 4457 certo
869 4385 1092 4450 elucet.
1194 4385 1368 4470 Ergo
1427 4404 1633 4469 quum
1692 4380 2141 4467 Δημώνακτος
2197 4384 2341 4469 βίος
2401 4383 2564 4448 liber
