3099 5241
1261 411 1802 470 NEOYOMANTIA.
2480 416 2575 471 LV

489 589 721 654 diserte
765 593 963 655 totam
1006 589 1392 675 improbavit
1422 589 1637 656 Oneir.
1662 591 1746 675 11,
1770 593 1853 657 69
1884 612 1947 676 p.
1982 592 2096 656 161
2136 592 2232 656 ed.
2258 592 2573 658 Hercher:

484 692 607 756 ὅσα
667 690 791 779 γὰρ
857 691 935 756 ἄν
982 696 1209 781 λέγωσι
1258 733 1339 743 ——
1387 691 1873 779 νεκυομὰντεις,
1940 696 2153 777 ψευδῆ
2202 692 2423 760 πάντα
2470 698 2575 760 καὶ

487 793 918 862 ἀνυπόστατα
965 796 1079 885 χρή
1130 799 1453 882 νομίζειν·
1505 799 1609 862 καὶ
1656 794 1779 886 γὰρ
1828 802 1894 863 αἱ
1938 802 2150 886 ’τέχναι
2198 797 2411 864 αὐτῶν
2457 804 2577 864 εἰσι

481 908 780 965 ’τοιαῦται
848 904 952 967 καὶ
1024 901 1228 985 αὐτῆς
1292 906 1423 987 μὲν
1487 911 1811 986 μαντικῆς
1878 902 2030 968 οὐδὲ
2095 901 2296 990 βραχύ
2372 907 2570 982 ἴσασι,

478 1003 908 1092 γοητεύοντες
940 1006 1009 1072 δὲ
1042 1009 1145 1071 καὶ
1179 1005 1564 1080 ἀπατῶντες
1605 1005 2122 1073 ἀποδιὸὑσκουσι
2157 1006 2310 1081 τούς
2351 1014 2576 1095 ἐντυγ-

482 1107 826 1197 χάνοντας.
950 1113 1110 1191 Quis
1178 1113 1298 1177 sub
1366 1114 1505 1198 ipso
1574 1112 1787 1178 Marco
1865 1114 2316 1200 philosophum
2388 1119 2575 1179 Arte·

483 1217 729 1282 midoro
775 1219 1072 1300 similem,
1120 1216 1191 1281 L.
1227 1218 1599 1302 Apulejum,
1647 1220 1835 1302 cujus
1880 1238 1949 1283 se
1988 1219 2385 1284 defendentis
2414 1218 2577 1283 liber

489 1321 587 1401 ‚de
644 1324 870 1407 magia‘
932 1323 1141 1388 adhuc
1202 1327 1512 1407 superest,
1579 1324 1829 1407 magiae
1891 1324 2146 1408 publice
2201 1331 2575 1388 accusatum

486 1445 625 1490 esse
685 1427 938 1492 nescit?
1042 1425 1417 1510 Eodemque
1483 1432 1768 1511 tempore
1824 1426 2047 1493 Celsus
2115 1426 2274 1491 mm}
2342 1424 2574 1513 μάγων

483 1530 679 1595 libros
758 1534 1094 1617 scripserat
1175 1531 1563 1615 praeclaros,
1653 1534 1767 1616 qui
1849 1538 1912 1597 et
1990 1533 2068 1597 ab
2138 1532 2424 1597 Luciano
2502 1535 2575 1597 in

485 1635 855 1700 Alexandro
916 1655 969 1700 c.
1019 1637 1100 1701 21
1150 1635 1333 1700 valde
1385 1636 1631 1701 laudati
1679 1643 1833 1702 sunt
1876 1643 1940 1702 et
1984 1638 2063 1702 ab
2110 1638 2173 1703 S.
2220 1637 2573 1722 Hippolyto

484 1739 554 1804 in
621 1739 833 1804 Refut.
905 1739 1092 1805 Omn.
1162 1739 1354 1804 Haer.
1424 1740 1534 1823 IV,
1602 1740 1689 1807 34
1753 1742 1891 1806 init.
1963 1744 2192 1826 partim
2269 1745 2572 1827 excerpti.

489 1843 784 1908 Ceterum
833 1845 1006 1929 quod
1052 1845 1132 1908 ad
1178 1846 1458 1930 magicas
1503 1851 1669 1911 artes
1697 1847 1767 1910 in
1803 1846 1902 1910 his
1933 1847 2014 1910 ad
2046 1847 2574 1931 psychomantian

488 1950 734 2030 attinet,
781 1949 953 2033 apud
997 1949 1269 2033 gentiles
1314 1951 1527 2034 magia
1571 1956 1631 2014 et
1678 1969 1865 2036 saepe
1895 1953 2091 2016 vetita
2136 1958 2231 2017 est
2262 1958 2324 2016 et
2354 1952 2575 2016 eadem

489 2072 738 2137 semper
779 2060 1042 2118 retenta.
1137 2053 1279 2130 Quo
1326 2056 1546 2119 minus
1590 2056 1809 2119 mirari
1854 2056 2018 2139 licet,
2080 2059 2573 2139 necyomantian

486 2159 754 2223 inrisam
813 2176 954 2223 esse
1013 2158 1092 2222 ab
1139 2158 1554 2243 scriptoribus
1599 2161 1790 2225 etiam
1837 2163 2149 2243 satyriciS,
2210 2162 2287 2226 de
2336 2161 2574 2246 quibus

487 2282 667 2328 nunc
713 2264 976 2329 dicetur.
1070 2262 1361 2327 Primum
1407 2262 1673 2349 Sopatri,
1732 2267 1845 2350 qui
1903 2266 2181 2350 parodus
2226 2266 2370 2348 fuit,
2428 2264 2575 2329 Νέ-

487 2391 677 2431 κυιαν
723 2368 956 2434 Suidas
1017 2388 1065 2432 s.
1113 2364 1473 2450 Σώπατρος
1532 2366 1814 2451 κωμικός
1859 2370 2073 2435 attulit
2117 2390 2201 2434 ex
2245 2370 2574 2434 Athenaeo

490 2492 795 2537 versuum
841 2475 1130 2558 ipsorum
1174 2475 1439 2538 memori
1477 2472 1565 2536 IV
1588 2494 1651 2558 p.
1684 2475 1830 2558 160,
1869 2494 1955 2539 c.:
2003 2471 2289 2551 ,Ἴθακος
2331 2471 2574 2539 Ὀδυσ-

489 2573 657 2652 σεύς,
721 2575 918 2641 τούπὶ
963 2584 1042 2662 τῇ
1091 2582 1264 2663 φακῇ
1310 2572 1551 2662 μύρον,
1606 2581 1615 2663 Ι
1666 2576 1973 2661 πάρεστι·
2025 2574 2283 2661 θάρσει,
2337 2581 2568 2662 θυμῦ,

488 2702 523 2747 e
592 2681 832 2767 quibus
897 2683 1113 2747 verbis
1178 2688 1348 2748 recte
1417 2683 1839 2749 Casaubonus
1906 2685 2256 2767 conclusit,
2325 2682 2574 2768 Sopatri

488 2785 779 2869 Necyian
824 2788 894 2850 in
940 2788 1163 2852 eodem
1212 2808 1341 2871 quo
1384 2787 1792 2853 Homericam
1837 2795 2213 2874 argumento
2260 2795 2574 2853 versatam

487 2911 644 2957 esse.
734 2891 994 2956 Etenim
1051 2894 1266 2955 we'uvca
1325 2893 1498 2978 apud
1554 2892 1895 2979 Sopatrum
1953 2899 2015 2959 et
2070 2893 2450 2978 Menippum
2501 2899 2575 2956 ut

487 2996 683 3081 vulgo
717 2997 998 3079 ,Homeri
1043 2999 1575 3079 necyomantiam‘
1627 2998 1961 3083 significat,
2008 3000 2123 3064 etsi
2154 3000 2321 3063 hanc
2351 3017 2574 3062 vocem

489 3103 755 3166 seriores
799 3103 1137 3186 scriptores
1180 3107 1434 3187 ponunt
1478 3104 1670 3167 etiam
1714 3104 1904 3188 plane
1932 3124 2046 3188 pro
2081 3104 2308 3188 quavis
2338 3122 2574 3183 necyo-

486 3208 729 3270 mantia
772 3209 926 3289 (non
971 3207 1181 3271 solum
1225 3206 1617 3293 Homerica),
1681 3213 1752 3272 ut
1793 3208 2204 3274 Herodianus
2248 3207 2415 3272 Hist.
2467 3205 2572 3289 VI,

490 3312 603 3376 12:
672 3307 908 3397 μάγων
968 3307 1121 3383 τοῦς
1175 3307 1478 3393 ἀρίστους
1537 3308 1890 3392 ζητήσαντι
1951 3314 2173 3396 νεκυίςι
2217 3337 2286 3375 τε
2329 3335 2572 3396 χρησασ-

488 3418 661 3498 stairo)
728 3452 832 3478 -.
921 3415 1085 3480 Tum
1153 3414 1442 3500 Menippi
1521 3417 1736 3497 cynici
1801 3417 2056 3481 Νέκυια
2140 3418 2218 3482 ab
2284 3416 2572 3502 Diogene

486 3518 556 3583 L.
608 3519 713 3603 VI,
759 3521 798 3585 8
847 3521 884 3603 ἓ
934 3523 1053 3587 101
1118 3527 1526 3604 memoratur,
1596 3541 1787 3606 quem
1837 3522 2077 3587 librum
2119 3522 2448 3586 Lucianus
2501 3523 2571 3584 in

486 3630 702 3689 nostro
749 3625 996 3710 dialogo
1022 3627 1403 3701 ,Μένιππος
1437 3622 1481 3707 ἢ
1505 3625 2044 3707 Νεκυσμαν-ιεία(
2085 3627 2305 3710 judice
2337 3625 2572 3690 Casan-

488 3730 656 3796 bono
702 3730 823 3813 (De
867 3731 1074 3814 Satyr.
1121 3731 1302 3796 Poes.
1351 3751 1415 3815 p.
1463 3732 1592 3822 206
1639 3732 1737 3796 ed.
1784 3730 2034 3813 Ramb.)
2102 3733 2390 3796 imitatus
2455 3735 2567 3795 est.

489 3835 669 3900 Certe
715 3843 778 3901 et
819 3837 925 3901 hic
969 3836 1049 3901 ab
1080 3835 1367 3901 Luciano
1411 3842 1659 3921 praeter
1704 3837 1863 3901 alios
1908 3836 2266 3920 philosophi
2314 3855 2572 3920 quoque

486 3942 779 4006 ridentur
838 3947 902 4007 et
944 3941 1025 4007 ab
1072 3941 1371 4027 Menippo
1417 3942 1777 4027 philosophi
1821 3947 2130 4026 perpetuo
2174 3941 2366 4005 rideri
2412 3940 2573 4004 sole-

489 4046 666 4129 bant,
725 4048 822 4111 uti
879 4067 1011 4112 non
1069 4046 1277 4112 solum
1321 4045 1644 4131 Diogenes
1688 4045 1730 4108 l.
1775 4046 1818 4109 l.
1865 4045 2057 4130 paulo
2104 4052 2251 4111 ante
2294 4046 2571 4126 tradidit,

489 4152 601 4216 sed
643 4153 914 4217 imitatio
937 4152 1248 4216 Varronis
1293 4171 1328 4216 e
1377 4151 1643 4234 ,Saturis
1678 4150 2052 4235 Menippeis‘
2100 4151 2265 4217 clare
2313 4151 2571 4215 demon-

489 4261 660 4322 strat.
750 4257 852 4324 Ac
907 4276 989 4321 ne
1044 4257 1166 4320 hoc
1223 4257 1486 4340 quidem
1543 4256 1681 4321 fieri
1736 4260 1962 4340 potest,
2032 4255 2203 4339 quod
2246 4254 2572 4319 Hemster-

487 4362 675 4426 husio
720 4362 801 4426 ad
845 4360 1113 4426 Lucian.
1161 4359 1240 4425 D.
1287 4360 1469 4425 Mort.
1516 4360 1568 4444 1,
1616 4363 1649 4426 1
1700 4362 1919 4426 minus
1961 4365 2131 4425 recte
2176 4360 2438 4444 placuit,
2497 4363 2572 4424 ut
