3099 5241
1264 403 1767 499 PnnnsTROEUS.
2428 443 2557 499 CXI

469 616 697 682 atticae
739 616 1001 703 linguae
1047 622 1468 704 corruptoreS,
1523 621 1618 684 sic
1671 621 1779 684 isti
1823 620 2081 684 incisim
2123 620 2555 685 membratim-

472 742 599 806 que
653 722 1100 806 loquebantur.
1194 722 1336 800 Quo
1394 724 1559 789 facto
1622 725 1688 788 hi
1746 725 2005 790 meliore
2064 744 2132 789 se
2174 725 2313 789 loco
2359 745 2554 809 quam

469 826 615 890 illos
675 827 1016 912 sperabant
1068 827 1319 893 futuros
1374 848 1537 912 esse,
1609 849 1884 914 quorum
1941 848 2145 894 sermo
2190 848 2380 914 saepe
2424 835 2553 894 tam

468 932 756 996 incertus
785 932 1161 1017 vagabatur,
1205 937 1280 998 ut
1321 953 1406 998 ne
1448 933 1646 998 finem
1692 933 1955 1017 quidem
1999 935 2291 999 invenire
2318 940 2551 1019 posset.

469 1035 647 1101 Hinc
689 1056 903 1121 neque
947 1038 1459 1122 interspiratione
1510 1039 1579 1102 in
1626 1039 1856 1104 mediis
1899 1039 2234 1103 sententiis
2279 1038 2556 1103 abstine-

471 1140 647 1224 bant,
702 1161 917 1226 neque
971 1142 1042 1205 in
1096 1142 1236 1226 ipso
1296 1141 1426 1207 fine
1484 1142 1724 1208 debiles
1767 1145 2051 1227 voculas,
2106 1148 2181 1208 ut
2239 1144 2338 1226 ,ei‚
2394 1163 2555 1227 eam,

472 1263 644 1328 eum,
710 1264 840 1329 eas,
906 1245 1033 1310 eos‘
1097 1265 1332 1330 ponere
1392 1245 1792 1331 dubitabant,
1856 1248 1924 1312 id
1987 1249 2162 1332 quod
2219 1250 2288 1312 in
2345 1247 2556 1313 Plinio

472 1351 730 1432 majore,
791 1351 863 1413 in
905 1351 1168 1418 Justino
1226 1357 1290 1417 et
1332 1352 1659 1418 interdum
1704 1352 2012 1417 Suetonio
2059 1353 2558 1418 animadvertere

471 1454 638 1519 lieet.
727 1453 948 1540 Longe
1003 1458 1189 1523 aliter
1229 1476 1381 1522 vero
1425 1456 1755 1521 Aristoteli
1813 1457 1886 1520 in
1930 1456 2184 1521 Rhetor.
2229 1456 2352 1540 ΙΙΙ,
2396 1458 2437 1523 8
2495 1462 2559 1522 et

476 1558 765 1625 Ciceroni
829 1561 902 1624 in
960 1560 1223 1627 Oratore
1294 1581 1347 1626 c.
1411 1562 1495 1626 68
1565 1562 1781 1625 visum
1846 1565 1998 1644 erat,
2066 1561 2305 1645 quibus
2369 1561 2558 1646 plane

474 1664 812 1730 adsentior.
926 1666 1291 1732 Numerum
1370 1667 1547 1730 enim
1627 1667 1699 1729 in
1775 1665 2023 1750 periodi
2100 1667 2558 1751 compositione

474 1768 775 1835 adhibere
830 1790 1094 1837 necesse
1152 1776 1269 1854 est,
1329 1791 1462 1836 non
1522 1771 1733 1836 solum
1792 1770 1966 1854 quod
2010 1770 2212 1835 multo
2254 1772 2559 1853 majorem

476 1873 715 1939 habent
760 1880 907 1959 apta
949 1876 1085 1941 vim
1132 1896 1327 1961 quam
1374 1876 1603 1958 soluta,
1661 1893 1887 1940 verum
1947 1875 2136 1940 etiam
2180 1895 2264 1940 ne
2306 1875 2563 1940 infinite

472 1976 715 2044 feratur
777 1984 852 2045 ut
914 1979 1159 2046 flumen
1226 1981 1456 2062 oratic,
1540 1999 1707 2064 quae
1773 1999 1906 2044 non
1972 1985 2087 2044 aut
2150 1981 2384 2064 spiritu
2448 1984 2562 2046 aut

473 2085 990 2169 interpunctione
1050 2086 1163 2150 sed
1222 2085 1539 2150 sententia
1582 2089 1646 2149 et
1689 2103 1961 2149 numero
2007 2089 2225 2148 coacta
2265 2085 2559 2150 insistere

475 2189 678 2256 debet.
