3099 5241
1115 401 1457 452 BNAAIOI
1496 401 1877 454 ΔιΑΛοιοι.
2439 375 2534 447 99

456 571 562 636 καὶ
606 569 813 657 ὡραία
856 571 1220 657 παρθένος,
1270 568 1426 636 ἀλλά
1475 572 1840 656 συλληπτέα
1882 571 2045 659 ἡμῖν
2092 578 2291 641 ἐστιν.
2356 578 2532 643 AM.

457 674 795 760 ἄνθρωπε,
845 688 963 741 ποῖ
1004 699 1093 760 με
1141 672 1568 771 συναρπάσας
1612 674 1828 764 ἄγεις,
1880 674 2411 763 ἀνδραποδιστής
2455 678 2533 759 εἶ,

455 779 562 843 καὶ
607 781 819 854 ἔοικας
860 777 1028 865 ἡμῖν
1070 776 1177 844 ὑπ’
1212 776 1567 867 Αἰγύπτου
1608 786 1728 846 τοῦ
1771 779 1965 846 θείου
2003 777 2532 867 ἔπὶπεμφθῆναι·

457 883 619 948 ὥστε
696 879 1036 968 βοήσομαι
1100 879 1223 948 τὸν
1287 882 1565 968 πατέρα.
1696 884 1864 951 ΤΡΙ
1870 885 1949 950 Τ.
2048 884 2405 970 σιώπησον,
2488 883 2537 952 ὦ

446 982 839 1070 Ἀμυμώνη,
906 984 1255 1051 Ποσειδῶν
1311 991 1423 1061 ἑςι.
1505 989 1581 1054 A
1592 990 1682 1054 M.
1754 987 1819 1054 τί
1860 986 2255 1055 Ποσειδῶνα
2299 991 2495 1078 λέγεις
2509 1018 2537 1071 3

458 1088 517 1154 τί
568 1086 762 1177 βιάζῃ
815 1115 927 1174 με,
989 1085 1037 1155 ὦ
1084 1088 1422 1175 ἄνθρωπε,
1485 1092 1593 1156 καὶ
1638 1096 1702 1165 ἐς
1742 1087 1864 1176 τὴν
1910 1089 2254 1160 θάλατταν
2296 1097 2540 1161 καθέλὲ

453 1216 621 1273 κεις,·
666 1192 786 1281 ἐγώ
833 1192 902 1259 δὲ
948 1190 1499 1281 ἀποπνιγήσομαι
1539 1193 1583 1278 ἦ
1634 1193 1836 1261 ἀθλία
1880 1194 2240 1262 καταδῦσα.
2313 1196 2526 1264 ΠΟΣ.

451 1294 709 1382 θάρρει,
761 1293 957 1363 οὐδὲν
1002 1293 1220 1363 δεινὸν
1261 1293 1359 1384 μή
1408 1294 1666 1386 πάθῃς·
1740 1296 1896 1364 ἀλλά
1942 1300 2047 1365 καὶ
2092 1298 2313 1389 πηγήν
2362 1299 2536 1366 ἐπώ-

454 1397 671 1485 νυμόν
733 1424 837 1466 σοι
893 1398 1318 1485 ἀναδοθῆναι
1373 1398 1633 1486 ποιήσω
1692 1407 1984 1469 ἐνταῦθα
2032 1407 2073 1446 θ
2117 1403 2411 1478 πατάξας
2450 1412 2533 1492 τῇ
2568 1415 2671 1472 305

451 1504 706 1591 τριαίνῃ
770 1500 895 1588 τήν
959 1505 1208 1590 πέτραν
1271 1505 1549 1590 πλησίον
1616 1512 1733 1572 τοῦ
1804 1504 2196 1592 κλύσματος·
2277 1509 2385 1574 καὶ
2453 1507 2529 1575 σύ

454 1607 789 1694 εὐδαίμων
842 1612 958 1697 ἔσῃ
1013 1609 1119 1673 καὶ
1161 1605 1342 1693 μόνη
1389 1616 1520 1676 τῶν
1566 1608 1861 1697 ἀδελφῶν
1906 1609 2020 1700 οὐχ
2063 1609 2535 1699 ὑδροφορήσεις

453 1711 922 1778 ἀποθανοῦσα.

454 1986 903 2059 ἀνδραποδιστὴς
944 1992 1041 2044 ΒΩ
1088 1994 1145 2045 ct
1178 2011 1224 2058 v,
1281 1987 1733 2059 ἀνδραποδιστής
1764 2010 1847 2047 τις
1882 1989 2038 2061 ἓΙΟΕ,
2091 1992 2334 2046 fortassis
2369 1995 2527 2047 recte.

585 2076 723 2144 ἡμῖν
760 2074 844 2129 ὑπ’
882 2072 1165 2146 Αἰγύπτου
1202 2079 1315 2139 ΒΔ,
1356 2076 1490 2145 ἡμῖν
1527 2076 1618 2130 ἀπ’
1656 2073 1939 2148 Αἰγύπτου
1975 2080 2150 2147 vulgo,
2198 2076 2279 2129 ὑπ’
2319 2073 2529 2148 Αἰγύπ-

448 2184 547 2217 του
583 2163 718 2231 ἡμῖν
754 2162 871 2226 2152,
925 2162 1008 2216 ὑπ’
1048 2159 1353 2234 Αἰγυπτίου
1401 2164 1536 2232 ἡμῖν
1571 2165 1632 2219 F.
1789 2163 2220 2233 ἐπιπεμφθῆναι
2257 2164 2345 2233 (Β)
2394 2168 2449 2219 et
2480 2184 2529 2229 v,

449 2249 899 2318 ὖποπεμφθῆναι
933 2251 992 2315 C,
1044 2252 1383 2318 πεπέμφθαι
1420 2247 1485 2312 21,
1543 2249 1995 2319 ὖποπεπέμφθαι
2040 2252 2102 2317 F,
2155 2251 2531 2319 ὑποπέμφθαι

449 2338 518 2389 Ω.
658 2335 944 2406 βοήσομαι
976 2335 1075 2393 Βὲῑ
1110 2340 1166 2391 et
1197 2356 1245 2402 v,
1279 2335 1554 2406 βοήσαιμι
1589 2337 1742 2392 ΟΩΕ.
1815 2342 1961 2392 certa
2004 2342 2088 2392 est
2126 2339 2258 2392 haec
2291 2339 2528 2406 syntaxis

450 2423 656 2492 (Toxar.
692 2424 788 2480 40:
828 2420 964 2491 ἐβόα
999 2422 1100 2474 τὸν
1136 2419 1316 2491 φίλον,
1355 2424 1602 2479 Hom.J1.
1630 2420 1693 2485 λ’,
1732 2425 1863 2480 461:
1902 2416 2001 2477 αὖε
2041 2421 2095 2476 δ’
2137 2423 2428 2493 ἑταίρους),
2467 2429 2530 2479 ut

447 2509 638 2563 mirere
671 2509 1026 2578 importunam
1060 2509 1250 2564 Cobeti
1285 2509 1371 2578 (V.
1406 2511 1467 2565 L.
1503 2527 1558 2580 p.
1597 2509 1721 2579 228)
1757 2510 2113 2580 conjecturam
2150 2509 2528 2580 ἐπιβοήοομαι

448 2597 514 2651 ab
551 2594 826 2651 Dindorfio
871 2598 1137 2666 receptam
1182 2613 1313 2652 esse.
1470 2596 1598 2651 libri
1632 2613 1839 2653 omnes:
1886 2601 1944 2651 τί
1985 2594 2285 2652 Ποσειδῶν
2324 2596 2523 2668 λέγειςς

446 2684 579 2738 vitio
614 2686 731 2737 orto
766 2701 795 2737 e
829 2683 1209 2754 superioribus.
1276 2684 1412 2739 bene
1458 2687 1515 2737 τί
1545 2680 1883 2738 Ποσειδῶνα
1924 2681 2125 2753 λέγειςς
2178 2685 2427 2740 Schaefer
2460 2686 2528 2739 ad

446 2770 612 2824 schol.
646 2769 892 2839 Apellen.
929 2769 1035 2824 Rh.
1070 2787 1122 2839 p.
1162 2773 1265 2827 168
1301 2773 1357 2824 et
1389 2769 1714 2825 Dindorfius.
1753 2771 1832 2840 (τί
1844 2766 2108 2824 Ποσειδῶ
2147 2768 2346 2841 Mysum
2389 2772 2528 2826 Bek-

445 2858 541 2911 ker
574 2852 1031 2924 oum'Jacobitio).
1174 2848 1219 2907 ὦ
1256 2854 1545 2927 ἄνθρωπε]
1588 2848 1633 2908 ὦ
1670 2874 1755 2911 om
1772 2854 1933 2914 QLQF.
2074 2855 2109 2925 ἦ
2150 2854 2323 2910 ἀθλία
2359 2876 2527 2910 κατα-

450 2940 607 3010 δῦσα]
645 2939 932 2995 καταδῦσα
968 2941 1001 3009 ἦ
1042 2940 1280 2998 ἀθλίαΓ
1301 2943 1464 2998 solus.
1534 2945 1626 2998 hic
1663 2942 2118 3013 ἀποπνιγήσομαι
2152 2943 2186 3010 ἡ
2229 2941 2403 2996 ἀθλία
2438 2960 2527 2999 co-

438 3031 695 3085 haerent:
733 3029 870 3083 solet
905 3028 1046 3083 enim
1080 3029 1346 3084 Lucienus
1381 3029 1519 3084 illud
1556 3029 1586 3082 ὁ
1625 3025 1824 3086 ἅθλιος
1854 3032 2187 3099 postponere,
2232 3032 2298 3083 ut
2340 3030 2401 3083 in
2436 3031 2527 3084 Ti-
2557 3078 2574 3091 ,

444 3133 600 3171 mone
638 3119 720 3181 12,
754 3117 821 3171 D.
858 3117 1017 3170 Mort.
1056 3115 1212 3180 Vm,
1251 3118 1296 3181 1,
1332 3116 1560 3171 Charon.
1602 3118 1684 3182 14,
1719 3115 1847 3170 ibid.
1885 3131 1929 3170 c.
1964 3118 2045 3181 17,
2079 3117 2160 3171 De
2177 3118 2338 3171 Mero.
2359 3115 2525 3172 Gond.

448 3206 496 3268 2,
529 3203 627 3258 Bis
660 3201 912 3257 Accusat.
950 3218 995 3256 c.
1039 3204 1102 3259 17
1139 3200 1256 3270 (ubi
1288 3205 1432 3257 recte
1467 3203 1583 3257 cod.
1621 3200 1791 3270 θοι-1.)
1825 3204 1881 3256 et
1913 3202 2044 3257 ibid.
2066 3218 2112 3257 c.
2134 3205 2218 3259 21.
2362 3198 2529 3255 οὐδὲν

448 3286 636 3342 δεινὸν
668 3288 743 3357 μὴ
782 3286 1136 3362 ndens-Bm,
1172 3284 1338 3342 οὐδὲν
1375 3285 1564 3343 δεινὸν
1598 3287 1663 3342 οὗ
1700 3289 1776 3356 μὴ
1814 3286 2007 3361 πάθῃς
2026 3289 2180 3354 ΟΩΓ,
2218 3285 2382 3343 οὖδὲν
2410 3285 2526 3342 δει-

447 3374 545 3429 νὸν
577 3374 770 3447 πάθῃς
806 3375 924 3431 edd.
959 3378 1088 3431 vett.
1123 3379 1335 3445 praeter
1367 3392 1414 3431 a.
1486 3376 1731 3446 inprimis
1776 3374 1899 3429 vide
1936 3374 2277 3430 Schaeferum
2318 3376 2385 3430 ad
2418 3377 2527 3431 De-

442 3463 638 3517 mosth.
679 3463 738 3517 Τ.
758 3462 855 3531 Ip.
875 3463 997 3518 374.
1144 3458 1282 3515 ἀλλὰ
1315 3462 1427 3531 καὶ]
1465 3469 1559 3516 καὶ
1596 3479 1681 3517 om
1697 3463 1808 3518 ΩΒ.
1950 3462 2151 3531 πηγὴν]
2185 3461 2370 3533 πηγήν
2398 3482 2527 3516 τινα

444 3547 495 3606 21
529 3548 690 3603 solus.
832 3567 924 3600 σοι
957 3545 1317 3616 ἀναδοθῆναι
1348 3548 1448 3607 BQ(
1464 3553 1584 3616 etv,
1621 3547 1982 3618 ἀναδοθῆναί
2015 3568 2106 3601 σοι
2120 3551 2232 3605 913⁸.
2374 3547 2518 3602 ἐάσω

445 3635 560 3690 edd.
598 3637 727 3689 vett.
765 3637 821 3689 et
853 3633 1080 3689 fortasse
1111 3636 1176 3702 Β,
1212 3637 1307 3690 sed
1339 3634 1559 3703 ποιήσω
1597 3634 1788 3694 ἓῑΟΩΙῡ
1823 3653 1944 3693 cum
1969 3636 2392 3701 Hemsterhusi0‚
2427 3637 2522 3705 qui

443 3723 509 3776 D.
544 3723 612 3776 D.
648 3722 797 3787 XIV,
832 3725 867 3778 2
901 3725 1024 3791 apte
1059 3723 1304 3777 contulit.
1375 3723 1780 3778 Hemsterhusio
1815 3723 2152 3778 Lehmannus
2188 3722 2362 3775 locum
2379 3721 2519 3775 Cha-

443 3825 554 3863 ron.
575 3812 604 3864 1
639 3807 842 3863 frustra
857 3809 1169 3878 opponebat.
1314 3807 1421 3876 οὗχ’
1443 3826 1475 3864 a
1495 3812 1561 3863 ut
1576 3810 1727 3865 solet.
1869 3807 2011 3877 μόνη
2033 3838 2102 3847 —
2122 3806 2539 3877 ἀποθανοῦσα]-

442 3896 575 3949 haec
607 3912 779 3965 neque
814 3913 844 3950 e
878 3896 1108 3964 satyrico
1143 3895 1376 3951 dramate
1395 3895 1729 3964 ,Apvp'alvn‘
1767 3897 2001 3952 derivare
2034 3897 2164 3951 licet
2188 3886 2519 3966 repugnante

442 3984 559 4053 ipso
591 3982 860 4052 Aeschylo
906 3983 966 4036 in
998 3983 1267 4038 Prometh.
1301 4001 1349 4039 V.
1388 3986 1492 4040 868
1526 3984 1609 4038 ed.
1647 3985 1846 4049 Herm„
1891 4000 2062 4053 neque
2109 4001 2171 4038 ex
2206 3983 2517 4052 cognomine

443 4069 710 4125 comoedia
741 4069 1055 4124 Nicocharis
1092 4069 1194 4140 (ap.
1216 4069 1410 4127 Athen.
1429 4071 1481 4125 X
1498 4088 1551 4141 p.
1570 4073 1675 4127 426
1711 4069 1757 4138 e)
1792 4070 2007 4124 fluxisse
2039 4070 2301 4125 videntur.
2356 4070 2517 4123 immo

441 4157 550 4212 ista
593 4157 803 4211 scholas
848 4157 1123 4211 rhetorum
1168 4159 1225 4212 et
1268 4158 1511 4212 acumina
1553 4157 1810 4213 redolent.
1892 4157 2357 4212 demonstrandum
2403 4159 2518 4211 erat

442 4243 800 4314 ,Amymonem
836 4260 971 4313 quae
1003 4244 1259 4299 Enceladi
1291 4245 1450 4299 caede
1486 4244 1810 4314 (Apollodor.
1846 4244 1922 4309 H,
1959 4248 2006 4310 1,
2042 4243 2097 4313 5)
2132 4260 2371 4299 sororum
2389 4259 2516 4313 poe-

441 4346 563 4386 nam
595 4332 893 4397 meruisset,
925 4334 1105 4385 tamen
1122 4331 1263 4402 quod
1280 4332 1461 4386 eadem
1475 4348 1698 4402 puerum
1713 4331 2011 4402 peperisset
2037 4348 2099 4385 ex
2114 4332 2233 4401 ipso
2249 4331 2515 4399 Neptune,

2029 4418 2101 4476 7*
