3099 5241
1096 444 1472 494 NEKPIKOI
1517 443 1911 494 ΔΙΑΛοΓοΙ.
2462 444 2534 506 31

460 612 634 698 μετ’
709 611 1223 680 ἀθανάτοισι
1304 622 1683 691 θεοῖσιν,
1768 612 1926 678 ἀλλὰ
1995 627 2130 686 τοῖς
2193 612 2548 699 βελτίστοις

464 725 705 802 νεκρῶν
792 718 1051 803 ἀνδρῶν
1140 721 1354 785 συνών
1423 716 1739 805 Ὀμήρου
1828 720 1932 784 καὶ
2019 746 2048 784 ἰ
2063 727 2137 804 ῆς
2223 717 2549 803 ’τοσαύτης

462 825 892 912 ψυχρολογίας
938 826 1283 913 καταγελῶ.

1394 998 1613 1063 XVII.

720 1121 753 1157 ’¹‘
819 1120 1379 1186 ΜΕΝΙΠΠΟΥ
1437 1122 1636 1187 ΚΑΙ
1708 1120 2288 1187 TANTAAOY.
2583 1125 2688 1179 406

643 1244 699 1307 1.
797 1243 1040 1308 ΜΕΝ.
1148 1242 1232 1307 Τι’
1275 1239 1505 1319 κλάεις,
1573 1237 1620 1306 ὦ
1679 1239 2011 1322 Tetrade,-
2080 1240 2122 1325 ἢ
2167 1241 2230 1306 τί
2275 1236 2551 1306 σεαυιὸν

467 1343 669 1434 ὀδύρῃ
731 1345 838 1411 ἐπὶ
882 1355 963 1433 ’τῇ
1008 1347 1206 1436 λίμνῃ
1254 1344 1490 1425 ἑστῶςς
1592 1348 1825 1413 TAN.
1921 1347 2042 1422 ὅτι,
2115 1341 2162 1411 ὦ
2212 1347 2546 1417 Μένιππε,

468 1448 772 1516 ἀπόλωλα
840 1448 974 1516 ὑπὸ
1043 1459 1158 1516 τοῦ
1231 1450 1487 1535 δίψους.
1582 1452 1830 1518 MEN.
1929 1453 2136 1526 οὕτως
2204 1449 2402 1540 α’ργός
2470 1447 2546 1525 εἶ,

466 1660 559 1716 Δί’
600 1661 664 1716 οὗ
701 1661 903 1715 lectum
937 1660 1124 1715 fuisse.
1301 1660 1441 1729 μετ’]
1491 1660 1634 1730 μετὰ
1677 1666 1738 1714 Ψ.
1921 1660 2261 1715 ἀθανάτοισι
2311 1652 2550 1729 θεοῖσιν]

471 1748 846 1802 ἀθανάτοισιν
884 1747 948 1806 21.
1019 1748 1074 1801 at
1108 1746 1376 1816 Diogenes
1412 1748 1685 1817 integrum
1720 1764 1939 1803 versum
1977 1747 2074 1802 Od.
2112 1747 2175 1810 λ’,
2216 1751 2318 1805 602
2364 1746 2554 1800 recitat

468 1836 649 1890 verbis
705 1834 768 1889 σι’·
824 1837 903 1904 μὰ
959 1840 1066 1890 Δία
1121 1833 1355 1889 ludibrio
1408 1834 1643 1890 insertis.
1818 1839 1935 1893 τοῖς
1985 1834 2290 1906 βελτίστοις
2342 1833 2553 1904 νεκρῶν

471 1920 695 1993 ἀνδρῶν
730 1922 907 1986 ΒΨΦ,
959 1926 1076 1981 ’τοῖς
1110 1921 1414 1994 βελτίστοις
1452 1927 1668 1990 νεκροῖς
1713 1919 1939 1992 ἀνδρῶν
1981 1929 2041 1985 Ο,
2093 1925 2209 1979 ’τοῖς
2251 1920 2555 1993 βελτίστοις

471 2008 695 2079 ἀνδρῶν
718 2017 782 2074 Δ,
821 2015 937 2068 τοῖς
971 2008 1273 2081 βελτίστοις
1296 2011 1409 2063 τῶν
1433 2012 1646 2078 νεκρῶν
1670 2009 1844 2077 ἩΩΜ,
1880 2013 1996 2067 τοῖς
2018 2008 2321 2080 βελτίστοις
2346 2009 2556 2078 νεκρῶν

468 2096 586 2150 edd.
624 2098 755 2151 vett.
916 2098 1092 2150 συνῶν
1127 2096 1401 2161 ΒΟΒΨΦ,
1444 2098 1693 2152 obveniant
1727 2097 1843 2161 2152,
1887 2097 2102 2151 σιἰι·εστι
2136 2097 2209 2163 M,
2250 2096 2465 2164 σύνειμι
2499 2114 2552 2151 v.

598 2184 860 2254 Ὀμήρου
913 2202 1001 2239 om
1052 2190 1126 2238 0..
1291 2180 1582 2256 τοσαύτης]
1638 2184 1899 2254 total-‘tryb-
1947 2185 2011 2244 21,
2188 2182 2557 2256 ψυχρολογίας

469 2271 1035 2340 ΒΟἩΨΩΦἾΒΤΧᾱ,
1087 2270 1454 2344 ψευδολογίας
1499 2273 1615 2341 abe,
1665 2273 1805 2342 quod
1855 2272 2118 2341 glossema
2163 2274 2262 2340 est,
2311 2274 2374 2325 ut
2421 2272 2553 2324 bene

470 2358 933 2414 Hemsterhusius.
1111 2359 1389 2432 καταγελῶ
1429 2360 1553 2423 ΒΦ,
1595 2357 1910 2432 καταγελῶν
1944 2359 2199 2418 ΒΟΣῚΙΨΩ
2233 2361 2287 2412 et
2323 2378 2374 2414 v.

1425 2517 1606 2571 XVII.

477 2693 480 2694 ⁷
610 2622 735 2675 vide
786 2638 920 2691 quae
969 2623 1146 2691 paullo
1194 2624 1315 2677 ante
1363 2623 1428 2676 ad
1463 2623 1620 2692 XVI,
1660 2629 1686 2682 1
1727 2623 1984 2678 diximus,
2068 2624 2124 2675 at
2157 2622 2376 2676 Tzetzes
2413 2620 2554 2676 Ono-

471 2710 695 2763 maorito
743 2708 919 2763 lenem
954 2710 1175 2772 Homeri
1224 2712 1647 2766 emendationem
1684 2708 2048 2781 (διόρθωσιν)
2094 2709 2305 2765 tribuit.
2375 2712 2557 2764 eontra

472 2797 821 2852 Aristarchus
870 2796 1050 2852 locum
1085 2798 1183 2853 Od.
1221 2797 1283 2865 λ’,
1333 2804 1610 2858 565—627
1649 2798 2019 2873 διασκευαστῇ
2056 2797 2274 2851 Homeri
2324 2798 2554 2866 dederat,

470 2887 534 2936 ut
570 2884 707 2938 clare
747 2887 892 2954 patet
925 2902 955 2938 e
991 2885 1157 2939 schol.
1195 2887 1261 2940 ad
1294 2884 1390 2940 Od.
1418 2885 1479 2951 λ’,
1519 2891 1623 2944 584
1657 2888 1712 2941 et
1745 2886 1946 2939 ibidem
1970 2884 2271 2941 Eustathio.
2344 2886 2420 2939 ita
2451 2886 2553 2940 hoe

471 2987 643 3024 unum
676 2971 946 3041 reliquum
992 2974 1093 3042 est,
1140 2976 1204 3026 ut
1250 2991 1377 3027 oum
1425 2974 1663 3029 Porsono
1710 2974 1777 3027 ad
1812 2974 1940 3027 Eur.
1978 2972 2066 3029 Or.
2104 2990 2157 3027 v.
2194 2981 2227 3030 5
2263 2973 2354 3026 hic
2401 2972 2552 3028 locus

471 3061 656 3126 poetae
704 3076 822 3114 esse
870 3062 1153 3115 censeatur
1197 3078 1305 3116 non
1353 3060 1504 3115 illius
1557 3061 1779 3129 quidem
1813 3059 2051 3128 Homeri,
2101 3059 2198 3114 sed
2232 3059 2552 3129 antiquioris

475 3144 829 3202 Onomacrito.
914 3149 1056 3202 certe
1102 3149 1246 3217 quod
1293 3147 1741 3202 Hemsterhusius
1789 3147 1856 3201 ad
1901 3147 1954 3200 h.
2003 3147 2038 3201 l.
2076 3162 2268 3201 versus
2315 3147 2438 3201 illos
2487 3147 2553 3201 de

473 3231 688 3287 Tantalo
725 3234 820 3288 siti
855 3236 1098 3305 fameque
1122 3238 1309 3290 enecto
1345 3236 1523 3305 ipsius
1547 3235 1767 3289 Homeri
1792 3250 1911 3289 esse
1937 3235 2163 3301 volebat,
2200 3234 2554 3303 posteriorum

473 3321 653 3373 autem
690 3325 966 3389 poetarum
1000 3339 1224 3391 poenam
1271 3322 1608 3400 imminentis
1655 3323 1799 3377 saxi:
1848 3321 1908 3375 id
1954 3321 2116 3376 tacito
2135 3321 2187 3402 ).
2225 3321 2260 3375 1.
2300 3321 2557 3375 refutavit

476 3405 764 3466 Porsonus.
853 3427 978 3465 nam
1025 3412 1210 3480 poetae
1258 3403 1594 3465 diasceuasta
1638 3410 1744 3464 isto
1791 3409 2133 3478 vetustioreS,
2180 3408 2555 3476 Archilochus,

476 3494 725 3565 AlcaeuS,
761 3497 982 3553 Alcman
1020 3515 1210 3553 saxum
1235 3496 1438 3553 Tantali
1463 3496 1769 3551 cervicibus
1793 3496 2096 3565 impendere
2132 3497 2377 3565 fecerant,
2415 3496 2556 3565 quod

443 3629 460 3644 .
474 3585 885 3655 antiquissimae
938 3603 1135 3655 poenae
1188 3602 1358 3654 genus
1411 3585 1748 3639 diasceuasta
1799 3584 2007 3653 primus
2059 3583 2299 3637 deseruit
2348 3584 2556 3637 veritus

477 3674 679 3743 opinor,
714 3692 783 3729 ne
819 3690 1029 3743 semper
1062 3690 1192 3728 saxa
1224 3672 1547 3741 loqueretur,
1598 3673 1647 3725 si
1683 3672 1873 3738 ingens
1907 3669 2045 3739 lapis
2081 3670 2304 3740 Sisyphi
2340 3669 2416 3742 (v.
2454 3675 2558 3728 594

476 3764 618 3834 sqq.)
674 3762 927 3817 continuo
979 3760 1273 3815 terribilem
1339 3762 1654 3829 sequeretur
1705 3758 1923 3812 Tantali⁴
1973 3758 2221 3826 lapidem.
2320 3760 2556 3812 ceterum

476 3849 817 3905 Homericam
852 3850 918 3903 de
954 3847 1167 3902 Tantalo
1203 3846 1448 3902 fabellam
1483 3846 1725 3915 satyrici,
1773 3846 1868 3900 ubi
1903 3845 2043 3914 ipsis
2078 3846 2154 3898 ita
2189 3844 2427 3914 quadrat,
2464 3846 2558 3898 aut

476 3953 656 3991 veram
694 3952 814 3990 esse
850 3937 1031 3990 sancte
1066 3935 1307 4002 credunt,
1343 3937 1408 3989 ut
1441 3936 1623 3990 noster
1656 3934 1715 3987 in
1748 3933 1986 3988 Charone
2025 3938 2092 3991 15
2123 3933 2213 3986 fin.
2250 3934 2304 3986 et
2338 3931 2556 3985 Timone

479 4028 546 4082 18
595 4023 733 4091 init„
782 4026 875 4077 aut
923 4023 1110 4077 saltem
1159 4023 1460 4076 concedunt
1506 4038 1625 4076 esse
1673 4020 2040 4088 utilissimam,
2088 4021 2151 4075 ut
2195 4019 2451 4073 Horatius
2498 4019 2557 4072 in

477 4112 643 4165 Serm.
680 4111 724 4178 I,
765 4115 812 4180 1,
848 4114 932 4169 68.

618 4204 666 4257 1.
739 4197 945 4269 κλάεις]
983 4195 1189 4256 κλαίεις
1223 4197 1338 4256 ἓῐΩ.
1522 4193 1724 4271 ὀδύρῃ]
1773 4192 2063 4264 οἰκτείρεις
2115 4192 2288 4252 ἩΩΜ.
2466 4190 2557 4246 ε’πὶ

476 4288 544 4361 τῇ
593 4280 776 4360 λίμνῃ]
826 4286 905 4340 De
942 4286 1121 4340 Luctu
1168 4302 1214 4339 c.
1250 4289 1286 4341 8
1334 4284 1584 4340 Tantalus
1640 4283 1857 4339 stetisse
1909 4282 2112 4336 dicitur
2166 4279 2245 4335 ἐπ’
2300 4278 2437 4355 αὐτῇ
2486 4280 2553 4353 τῇ

478 4373 659 4445 λίμνῃ,
700 4374 795 4429 sed
830 4373 911 4428 De
945 4374 1165 4442 Dipsad.
1204 4378 1237 4430 6
1276 4373 1333 4426 ἐν
1371 4371 1553 4446 λίμνῃ,
1605 4373 1668 4426 ut
1712 4373 1797 4425 est
1830 4371 1888 4423 in
1926 4369 2022 4424 Od.
2060 4367 2122 4432 λ’,
2165 4373 2293 4426 583:
2343 4364 2552 4420 ἑσταότ’

479 4462 538 4515 ἓν
575 4462 751 4535 λίμνῃ.
934 4462 996 4530 νὴ
1039 4460 1129 4515 Δί’
1171 4459 1319 4519 21ssss
1351 4462 1406 4513 et
1442 4477 1494 4527 V,
1532 4460 1595 4529 νὴ
1624 4462 1751 4521 Δία,
1796 4463 1914 4521 ΟΦ,
1958 4458 2018 4525 νὴ
2060 4460 2166 4512 Δία
2200 4477 2259 4527 γε
2295 4452 2416 4508 ΨΜ.
