3099 5241
553 387 699 460 156
1357 415 1818 469 ΛοτΚΙΑΝοτ

547 588 729 663 κυίας
787 588 895 654 καὶ
946 593 1076 655 τῶν
1136 585 1503 674 ὀφθαλμῶν
1560 583 2082 665 ὑποδεδυκότων,
2155 591 2309 654 ἔσθ’
2368 587 2545 660 ὅπως
2590 583 2626 651 ὃ

547 700 846 766 τοιοῦτος
891 690 972 759 οὐ
1013 691 1420 778 παραπαίειν
1465 688 1706 767 δόξειεν
1744 690 1850 769 ἂν,
1903 690 2056 758 δέον
2083 690 2630 757 παιδοποιεῖσθαι

550 798 657 863 καὶ
716 793 1074 863 ἀπολαύειν
1131 802 1246 861 τοῦ
1303 793 1552 884 γάμου,
1620 795 2136 881 καταμαραίνων
2194 793 2628 881 εὐπρόσωπον

552 901 722 967 οὕτω
765 901 872 965 καὶ
917 902 1276 986 ἐπέραστον
1321 897 1547 983 κόρην,
1598 895 1910 984 καθάπερ
1959 900 2194 984 ἱέρειαν
2235 906 2317 985 τῇ
2361 899 2630 984 Θεσμο-

551 1002 729 1091 φόρῳ
786 1004 1037 1090 τρέφων
1097 1001 1202 1069 διὰ
1262 1000 1515 1077 παντὸς
1569 1010 1690 1069 τοῦ
1745 1002 1899 1088 βίου
1910 1030 1936 1082 ,·
2003 1009 2212 1068 ταῦτα
2271 1003 2377 1068 καὶ
2435 998 2631 1077 αὐτὸς

554 1107 920 1198 ἀγανακτῶ,
1003 1106 1169 1193 πρὸς
1245 1107 1433 1173 ε’νίων
1497 1110 1627 1192 μὲν
1694 1105 1941 1190 ἀτίμως
2005 1104 2461 1192 λακτιζόμενος
2524 1100 2632 1172 καὶ

552 1209 1053 1298 λαφυσσόμενος
1110 1212 1216 1277 καὶ
1274 1207 1802 1297 ἐξαντλούμενος,
1863 1209 1981 1276 ὑπ’
2040 1210 2229 1276 ἐνίων
2286 1210 2356 1277 δὲ
2416 1212 2631 1297 ὥσπερ

557 1315 941 1404 στιγματίας
986 1314 1313 1402 δραπέτης
1356 1313 1839 1401 πεπεδημένος.
1938 1317 2033 1383 18.
2081 1315 2351 1381 ΖΕΥΣ.
2403 1316 2467 1380 τί
2511 1310 2633 1381 οὗν

556 1419 934 1509 ἀγανακτεῖς
990 1424 1127 1485 κατ’
1190 1417 1440 1500 αὐτῶν,
1510 1415 1769 1484 διδόασι
1819 1414 1942 1507 γὰρ
2004 1417 2202 1504 ἄμφω
2262 1416 2467 1504 καλὴν
2508 1417 2633 1502 την

558 1524 765 1609 δίκην,
834 1527 896 1589 οἱ
951 1527 1081 1609 μὲν
1141 1525 1356 1610 ὥσπερ
1418 1522 1453 1590 ὃ
1511 1521 1850 1597 Τάνταλος
1896 1521 2137 1589 ἄποτοι
2180 1524 2286 1588 καὶ
2332 1521 2634 1611 ἄγευστοι

555 1628 667 1694 καὶ
724 1626 906 1713 ξηροὶ
960 1626 1035 1694 τό
1084 1624 1326 1711 στόμα,
1388 1625 1831 1716 ἐπικεχηνότες
1874 1624 2093 1711 μόνον
2135 1632 2223 1714 τῷ
2266 1627 2521 1715 χρυσίῳ,
2572 1631 2636 1693 οἱ

559 1733 631 1800 δὲ
697 1731 1005 1818 καθάπερ
1067 1730 1103 1797 ὃ
1157 1731 1388 1807 Φινεύς
1447 1728 1582 1797 ἀπὸ
1643 1738 1760 1815 τῆς
1818 1728 2148 1818 φάρυγγος
2204 1728 2330 1815 τῆν
2382 1727 2635 1816 τροφὴν

555 1835 691 1903 ὑπὸ
771 1843 902 1903 τῶν
964 1834 1301 1921 (Αρπυιῶν
1378 1833 1878 1922 ἀφαιρούμενοι.
2018 1834 2148 1900 ἀλλ’
2231 1833 2432 1900 ἄπιθι
2502 1833 2632 1920 ἤδη

560 1942 1053 2027 σωφρονεστέρῳ
1141 1939 1321 2027 παρά
1401 1939 1567 2006 πολύ
1650 1947 1736 2027 τῷ
1816 1939 2069 2023 Τίμωνι
2150 1936 2630 2025 ἐντευξόμενος.

558 2045 927 2112 ΠΛΟΥΤ.
980 2049 1217 2118 ἐκεῖνος
1259 2042 1383 2132 γάρ
1429 2069 1594 2110 ποτε
1638 2041 1961 2110 παύσεται
2008 2044 2223 2128 ὥσπερ
2269 2048 2334 2108 ἐκ
2363 2042 2638 2129 κοφίνου

425 2168 523 2222 129
558 2149 1080 2235 τετρυπημένου,
1149 2152 1190 2189 ⁴*
1249 2149 1408 2234 πρὶν
1453 2149 1610 2223 ὅλως
1656 2147 1995 2233 εἰσρυῆναί
2035 2172 2145 2232 με,
2217 2144 2381 2213 κατὰ
2426 2171 2638 2213 σπου-

561 2253 687 2338 δην
753 2254 1086 2330 ἐξαντλῶν,
1159 2250 1419 2338 φθάσαι
1482 2251 1891 2338 βουλόμενος
1949 2247 2073 2336 τὴν
2132 2249 2466 2337 ἐπιρροην,
2537 2247 2635 2337 μῆ

556 2356 957 2442 ὑπέραντλος
1001 2353 1319 2422 εἰσπεσών
1363 2353 1679 2422 ἐπικλύσω
1727 2353 1954 2421 αὐτόν.
2036 2355 2198 2428 ὥστε
2242 2360 2306 2428 ἐς
2347 2353 2466 2421 τὸν
2507 2361 2639 2421 τῶν
2695 2432 2702 2438 .

563 2530 782 2595 δόξειεν
818 2531 916 2601 ἄν;
952 2531 1352 2601 interpungitA
1387 2534 1444 2586 ct
1475 2547 1597 2585 mox
1629 2531 1728 2583 τοῦ
1750 2533 1897 2599 βίου·
2044 2527 2365 2596 ἀπολαύειν]
2394 2525 2637 2582 ἀπολαύ-

565 2641 680 2674 σειν
714 2620 779 2676 R.
931 2617 1105 2672 ταῦτα
1134 2648 1204 2658 —
1234 2616 1548 2689 ἀγανακτῶ]
1586 2619 1749 2673 Fabri
1793 2617 2148 2687 conjecturam
2192 2614 2366 2669 ταύτά
2414 2615 2641 2671 refutavi

561 2709 621 2762 in
653 2708 754 2777 Ep.
792 2707 879 2762 Cr.
916 2725 969 2777 p.
1005 2697 1249 2762 XXVIII
1284 2710 1339 2761 et
1375 2706 1579 2761 contuli
1611 2707 1676 2760 D.
1711 2707 1866 2760 Deor.
1884 2706 2003 2770 XV,
2042 2708 2070 2760 1
2109 2709 2163 2759 et
2182 2704 2500 2772 Pseudolog.
2540 2704 2638 2769 §a

721 2791 1136 2863 φυλασσόμενος
1174 2797 1234 2845 0.
1312 2790 1726 2861 λαφυττόμενος
1757 2792 2052 2846 Lucianum
2086 2792 2365 2860 scripsisse
2400 2790 2643 2859 equidem

563 2899 715 2951 neg0‚
751 2882 829 2936 ait
862 2880 1186 2936 Dindorfius.

705 2970 787 3024 18.
862 2966 892 3020 ὁ
945 2964 1163 3037 Φινεὺς]
1215 2965 1243 3019 ὁ
1294 2966 1497 3036 φονεὺς
1540 2966 1608 3021 Α.
1767 2962 1872 3035 γάρ
1918 2983 2056 3017 ποτε
2103 2964 2201 3028 Aa,
2253 2961 2360 3033 γὰρ
2393 2960 2544 3020 ,πότε
2590 2981 2640 3017 v.

564 3054 699 3110 illud
744 3054 961 3125 probavi
1005 3054 1064 3107 in
1109 3054 1209 3123 Ep.
1259 3053 1392 3109 Crit.
1436 3071 1490 3123 p.
1525 3052 1771 3107 xxvm
1815 3054 1878 3105 ut
1924 3051 2355 3105 exclamationem
2388 3050 2642 3103 ironicam

563 3140 969 3210 indignabundi.
1125 3139 1185 3192 ἐκ
1221 3158 1306 3194 om
1346 3145 1407 3191 Ψ.
1567 3141 1984 3206 τετρυπημένον
2016 3138 2083 3193 Α.
2239 3133 2426 3203 ὥσπερ
2459 3165 2528 3173 --
2555 3154 2642 3188 τε-

564 3228 754 3297 τρυπ.]
793 3228 991 3298 optime
1025 3228 1115 3281 hic
1131 3227 1570 3282 Hemsterhusius
1606 3227 1750 3281 solus
1768 3226 1953 3280 haeret
1986 3227 2042 3279 et
2077 3223 2335 3294 quomodo
2372 3240 2492 3276 cum
2527 3239 2644 3277 cae-

566 3317 697 3371 teris
731 3316 862 3369 haec
898 3317 1021 3385 apte
1056 3314 1386 3379 cohaereant,
1420 3314 1722 3382 intelligere
1770 3330 1828 3367 se
1862 3315 2026 3381 negat
2068 3314 2315 3380 recteque
2360 3309 2511 3364 addit
2543 3310 2645 3363 hoc

566 3403 757 3458 vitium
791 3402 857 3456 ab
893 3401 1009 3471 ipso
1054 3401 1224 3455 videri
1257 3402 1491 3455 Luciano
1525 3400 1821 3471 profectum
1856 3416 1988 3454 esse.
2060 3398 2334 3469 prodigus,
2380 3397 2474 3467 qui
2519 3413 2643 3465 opes

567 3488 805 3560 quotidie
838 3488 1049 3552 minuit,
1082 3490 1226 3541 recte
1261 3488 1353 3542 ille
1372 3488 1587 3557 quidem
1621 3487 1727 3541 dici
1741 3488 1922 3556 potest
1957 3502 2044 3540 eas
2081 3484 2252 3555 ‚quasi
2287 3501 2317 3537 e
2351 3483 2507 3537 corbe
2522 3500 2644 3553 per·
2752 3478 2765 3490 '

565 3575 751 3630 forata‘
788 3574 1012 3629 eximere
1033 3637 1036 3642 .
1058 3574 1093 3628 i.
1132 3592 1176 3628 e.
1231 3572 1493 3642 ἐξαιρεῖν,
1545 3592 1653 3628 non
1699 3574 1830 3627 item
1873 3575 1941 3626 ut
1982 3572 2036 3626 h.
2074 3571 2111 3625 l.
2150 3573 2325 3625 exstat
2371 3566 2649 3631 ἐξαντλεῖν

567 3661 903 3731 (exhaurire).
974 3659 1206 3730 κόφινος
1252 3661 1384 3730 (sive
1433 3659 1677 3731 ἄρριχος,
1731 3658 1997 3726 σώρακος,
2057 3656 2297 3728 φορμός)
2345 3659 2517 3711 crates
2564 3659 2650 3710 est

565 3750 650 3804 vel
682 3750 909 3803 viminea
951 3749 1034 3803 vel
1068 3749 1436 3804 arundinacea.
1507 3750 1659 3819 atqui
1694 3766 1723 3802 e
1758 3747 1914 3802 corbe
1949 3762 2016 3799 ne
2051 3746 2180 3798 licet
2210 3743 2425 3813 quidem
2457 3760 2649 3813 aquam

567 3837 858 3902 exhaurire,
903 3836 1099 3890 nedum
1145 3853 1175 3889 e
1207 3836 1487 3906 perforata.
1562 3836 1657 3890 sed
1690 3836 1941 3888 nimirum
1985 3828 2260 3893 ἐξαντλῶν
2306 3848 2367 3884 eo
2390 3818 2648 3900 scripsit,

567 3923 709 3994 quod
755 3923 934 3977 subito
982 3924 1245 3978 aberravit
1289 3924 1358 3977 ad
1392 3924 1673 3988 Danaides,
1726 3922 1922 3992 quibus
1967 3920 2260 3989 antiquitas
2306 3921 2424 3972 tota
2455 3918 2649 3971 tribuit

565 4012 761 4086 πίθον,
803 4006 1020 4079 ὑδρίαν,
1063 4009 1271 4079 ἀγγεῖα,
1310 4013 1368 4065 at
1401 4009 1638 4079 κόφινον
1674 4006 1925 4078 (corbem)
1944 4024 2096 4061 nemo
2130 4023 2286 4060 unus.
2356 4007 2436 4060 ita
2455 4006 2648 4059 Lucia-

566 4114 667 4152 nus
705 4097 836 4151 duas
869 4098 1128 4165 imagines
1149 4092 1407 4166 (εἰκόνας)
1436 4097 1573 4151 male
1608 4095 1865 4160 confudit,
1899 4112 2058 4148 unam
2093 4091 2279 4161 ὥσπερ
2318 4091 2376 4145 ἐκ
2412 4093 2647 4159 κοφίνου

565 4187 981 4255 τετρυπημένου
1038 4181 1296 4252 ἐξαιρῶν,
1360 4185 1582 4239 alteram
1646 4179 1833 4248 ὥσπερ
1890 4180 1948 4233 ἐκ
2000 4183 2178 4233 πίθου
2232 4181 2647 4250 τετρυπημένου

570 4268 860 4334 ἐξαντλῶν.
1008 4266 1280 4325 εἰσπεσὼν
1294 4272 1395 4326 ΑΟ
1432 4274 1487 4326 et
1507 4290 1556 4336 v,
1595 4268 1842 4323 ἐσπεσὼν
1858 4269 2148 4327 ΡΒΨΩΩς.
2295 4266 2349 4323 ἐς
2380 4266 2482 4319 τὸν
2515 4264 2650 4333 τῶν]

571 4360 625 4419 ἐς
657 4359 771 4413 τῶν
805 4361 871 4415 R.
1019 4354 1367 4416 δαναΐδωνΑ
1402 4360 1458 4418 et
1471 4357 1717 4413 fortassis
1753 4357 1848 4412 alii
1882 4357 2107 4421 codiceS,
2142 4350 2442 4408 Δαναϊδῶν
2459 4373 2506 4409 v.
