3099 5241
1093 360 1466 413 ΝΕΚΡιΚοι
1521 359 1912 414 ΔιΑΛοΓοι.
2394 328 2540 402 221

469 558 560 620 με
599 529 858 622 γυμνὸν
905 529 1089 600 ὄντα.
1185 532 1413 601 ΕΡΜ.
1489 530 1564 599 οὗ
1611 529 1893 621 γυμνὸν,
1960 527 2008 599 ὦ
2062 532 2373 619 βέλτιστε,
2434 555 2551 598 το·-

473 634 719 712 σαύτας
793 633 1037 722 σάρκας
1100 637 1684 724 περιβεβλημένον·
1757 638 1920 704 ὥστε
1974 635 2276 704 ἀπόδυθι
2319 633 2546 714 αὐτὰς,

471 742 611 809 ἐπεὶ
676 738 1057 815 καταδύσεις
1120 738 1197 806 τὸ
1260 739 1505 827 σκάφος
1559 739 1679 808 τὸν
1733 749 1956 828 ἕτερον
2013 738 2193 809 πόδα
2237 739 2553 826 ὑπερθεὶς

469 843 710 931 μόνον·
775 842 931 910 ἀλλὰ
991 848 1033 888 ⁴*
1087 845 1193 911 καὶ
1247 841 1402 921 τούς
1448 844 1812 932 στεφάνους
1852 844 2129 922 τούτους
2172 843 2550 931 ἀπόρριψον
2584 857 2687 914 367

469 950 578 1017 καὶ
619 947 702 1017 τοὶ
746 946 1159 1038 κηρύγματα.
1254 951 1491 1016 ΔΑΜ.
1560 947 1702 1016 ι’δού
1755 974 1860 1017 σοι
1899 947 2172 1039 γυμνὸς,
2234 947 2323 1024 ὥς
2366 947 2543 1036 ὁρᾷς,

472 1052 739 1140 ἀληθῶς
806 1057 942 1139 ειμι
1008 1053 1116 1120 καὶ
1184 1050 1557 1128 ἰσοστάσιος
1620 1066 1758 1130 τοῖς
1824 1053 2037 1130 ἄλλοις
2101 1066 2372 1140 νεκροῖς.
2489 1055 2549 1120 6.

471 1159 701 1227 ΕΡΜ.
775 1158 980 1233 οὕτως
1024 1155 1305 1243 ἄμεινον
1348 1156 1563 1245 ἀβαρῆ
1611 1157 1800 1238 εἶναι,
1852 1159 2015 1226 ὥστε
2057 1157 2353 1247 ἔμβαινε.
2445 1157 2553 1224 καὶ

475 1287 551 1329 συ
605 1312 910 1329 .....
960 1260 1077 1329 τὸν
1121 1262 1409 1329 πλοῦτον
1456 1260 1906 1349 ἀποθέμενος,
1973 1259 2022 1329 ὦ
2067 1260 2378 1349 Κράτων,
2441 1285 2553 1328 και

470 1364 593 1451 τήν
656 1365 987 1452 μαλακίαν
1053 1365 1125 1433 δὲ
1191 1390 1459 1453 προσετι
1523 1368 1632 1433 καὶ
1697 1364 1823 1452 την
1885 1365 2160 1453 τρυφήν,
2231 1365 2406 1453 μηδὲ
2468 1362 2550 1432 τά

472 1468 746 1557 ἐντάφια
789 1467 1012 1556 κόμιζε
1053 1469 1231 1557 μηδὲ
1272 1468 1354 1537 τά
1391 1476 1523 1538 τῶν
1558 1468 1907 1560 προγόνων
1943 1468 2301 1557 ἀξιώματα,
2350 1467 2554 1537 κατά·-

471 1575 619 1641 λιπε
683 1573 757 1641 δὲ
812 1574 919 1641 καὶ
974 1575 1161 1663 γένος
1214 1576 1320 1642 καὶ
1377 1572 1581 1652 δόξαν
1637 1575 1744 1641 καὶ
1806 1577 1870 1641 εἴ
1918 1576 2082 1643 ποτέ
2139 1600 2211 1642 σε
2262 1573 2304 1660 ἦ
2366 1570 2555 1649 πόλις

473 1676 817 1765 ἀνεκήρυξε
882 1679 990 1745 καὶ
1052 1677 1172 1754 τάς
1235 1684 1369 1747 τῶν
1434 1677 1844 1766 ἀνδριάντων
1911 1675 2295 1768 ἐπιγραφὰς,
2379 1676 2555 1764 μηδὲ

473 1783 575 1850 ὅτι
613 1782 829 1871 μέγαν
870 1780 1087 1870 τάφον
1132 1783 1241 1850 ἐπὶ
1289 1783 1391 1851 σοὶ
1435 1782 1705 1873 ἔχωσαν,
1754 1784 1917 1874 λέγε·
1969 1780 2239 1870 βαρύνει
2281 1780 2405 1870 γὰρ
2448 1781 2555 1847 καὶ

470 1892 679 1955 ταῦτα
723 1885 1313 1974 μνημονευόμενα.
1407 1888 1618 1956 ΚΡΑ
1631 1889 1710 1955 Τ.
1775 1887 1890 1978 οὐχ
1935 1885 2097 1955 ἑκών
2139 1890 2290 1972 μὲν,
2343 1885 2555 1972 ἀπορ-

473 1990 642 2078 ρίψω
689 1990 783 2058 δέ·
830 1989 896 2058 τί
933 1989 1059 2080 γάρ
1106 1991 1191 2058 ἀν
1233 1992 1340 2058 καὶ
1383 1988 1727 2078 πάθοιμις
1790 1994 1848 2060 7.
1909 1993 2123 2060 EPM.
2193 1989 2423 2077 βαβαί·
2475 1987 2551 2057 σύ

475 2093 546 2161 δὲ
591 2093 627 2161 ὁ
674 2092 977 2175 ἔνοπλος,
1026 2095 1092 2163 τί
1128 2092 1349 2183 βούλει
1360 2123 1388 2179 ,·
1431 2094 1476 2182 ἢ
1520 2095 1587 2163 τί
1625 2093 1704 2164 τό
1736 2093 2062 2184 τρόπαιον
2083 2101 2280 2163 τοῦτο
2305 2094 2554 2182 φέρειςς

473 2198 1152 2268 ΣΤΡΑΤΙΩΤΗΣ.
1207 2200 1308 2268 ὅτι
1351 2200 1640 2287 ἐνίκησα,
1692 2196 1740 2267 ὦ
1773 2199 2016 2287 Ἑρμῆ,
2063 2199 2170 2266 καὶ
2204 2199 2554 2286 ἠρίστευσα

474 2303 582 2370 καὶ
646 2300 688 2388 ἡ
756 2299 944 2379 πόλις
1008 2303 1277 2391 ἐτίμησέ
1339 2330 1449 2390 με.
1556 2305 1784 2373 ΕΡΜ.
1861 2304 2021 2390 ἄφες
2075 2302 2242 2389 ὑπὲρ
2299 2308 2422 2392 γῆς
2476 2299 2553 2369 τό

470 2404 818 2494 τρόπαιον·
882 2412 955 2475 ἐν
998 2407 1164 2496 ᾅδου
1204 2405 1329 2497 γὰρ
1376 2405 1602 2495 εἰρήνη
1650 2409 1755 2475 καὶ
1803 2407 2000 2475 οὐδὲν
2044 2408 2267 2475 ὅπλων
2311 2402 2548 2492 δεήσει.

476 2514 534 2582 8.
581 2509 617 2578 ὃ
664 2509 907 2597 σεμνὸς
952 2511 1024 2580 δὲ
1070 2506 1261 2589 οὗτος
1305 2510 1441 2580 ἀπό
1484 2538 1561 2603 γε
1602 2519 1725 2581 τοῦ
1772 2510 2103 2602 σχήματος
2132 2512 2240 2578 καὶ
2265 2512 2556 2598 βρενθυ-

476 2612 740 2703 όμενος,
801 2614 837 2683 ὃ
896 2614 1015 2695 τάς
1076 2616 1279 2705 ὀφρῦς
1323 2616 1638 2706 ἐπηρκώς,
1701 2615 1737 2687 ό
1784 2622 1826 2662 ⁴*
1870 2617 1978 2685 ἐπὶ
2020 2623 2147 2686 τῶν
2193 2614 2557 2705 φροντίδων
2591 2629 2694 2685 368

476 2824 807 2886 καταδύσεις
838 2848 900 2899 γε
933 2827 999 2883 τὸ
1021 2827 1088 2896 21,
1123 2827 1458 2884 καταδύσειν
1490 2825 1556 2885 τὸ
1580 2831 1650 2883 Φ.
1793 2825 2026 2885 τούτους
2059 2824 2557 2899 ἀπόρριψονᾙιαοο

477 2932 563 2970 om
600 2918 663 2968 0.
824 2915 896 2970 τὰ
929 2915 1280 2988 κηρύγματα]
1325 2915 1390 2971 τὸ
1428 2913 1683 2988 κήρυγμα
1719 2915 1786 2974 21.
1947 2934 2040 2969 σοι
2075 2932 2160 2971 om
2194 2913 2261 2973 21.
2421 2913 2560 2986 ὁρᾷς

476 3018 563 3056 om
597 3000 664 3060 21.
802 3001 1033 3070 ἀληθῶς
1066 3022 1152 3059 om
1185 3006 1252 3060 D.
1397 2999 1730 3071 ἰσοστάσιος]
1767 3003 1884 3061 ἴσος
1919 3001 1984 3061 21.

617 3093 667 3146 6.
742 3087 953 3161 ἀβαρῆ]
991 3088 1190 3160 ἀμαθῆ
1228 3089 1295 3150 21.
1438 3089 1578 3145 ὥστε
1616 3109 1702 3146 om
1729 3089 1794 3149 21.
1937 3094 2033 3144 καὶ
2068 3088 2423 3152 σύΒΟὲῐΨΩ,
2462 3094 2558 3144 καὶ

478 3174 541 3229 σὺ
580 3171 641 3230 δὲ
659 3176 811 3232 ΑΦΕ
828 3181 885 3233 et
899 3197 950 3234 v.
1018 3180 1144 3249 post
1176 3184 1271 3231 καὶ
1307 3175 1371 3231 σὺ
1392 3178 1549 3248 signa
1576 3179 1734 3249 posui
1768 3179 2003 3233 lacunae.
2065 3177 2264 3233 excidit
2296 3179 2475 3232 autom
2506 3178 2556 3232 is

478 3280 583 3333 quo
618 3281 751 3334 opus
787 3268 872 3320 est
902 3266 1247 3335 imperativus
1280 3262 1496 3334 πάριθι
1530 3265 1663 3334 (sive
1697 3268 1761 3320 ut
1794 3268 1879 3320 est
1912 3266 1971 3319 in
1987 3266 2197 3334 gemino
2213 3265 2330 3319 loco
2349 3264 2553 3335 Catapl.

477 3352 539 3408 5:
572 3349 787 3420 πάριθι
818 3348 972 3421 ἤδη).
1047 3351 1315 3407 Lucianus
1351 3353 1663 3423 scripserat:
1710 3358 1804 3407 καὶ
1841 3350 1902 3405 σὺ
1951 3350 2218 3423 πάριθι
2251 3350 2352 3405 τὸν
2383 3348 2555 3405 πλού-

475 3456 577 3492 τον
629 3435 985 3509 ἀποθέμενος
1017 3467 1104 3492 -.
1267 3437 1642 3508 ἀποθέμενος]
1693 3437 1920 3493 ἀπόθου
1969 3436 2024 3497 21
2068 3440 2229 3505 solue,
2282 3439 2424 3509 quod
2473 3442 2560 3494 oet

477 3526 824 3595 grammatici.
959 3523 1020 3580 δὲ
1053 3524 1198 3596 πρὸς
1215 3524 1299 3581 ἔτι
1313 3526 1431 3590 ΒΟ,
1469 3527 1707 3594 προσέτι
1724 3524 1832 3595 (om
1853 3522 1934 3595 δὲ)
1955 3524 2021 3584 21.
2163 3523 2432 3580 κατάλιπε
2470 3521 2555 3595 δέ]

477 3612 569 3668 hio
604 3629 812 3684 quoquo
863 3608 925 3667 δὲ
961 3630 1046 3668 om
1081 3612 1146 3672 21.
1301 3610 1607 3682 ἀνεκήρυξε
1652 3611 1998 3672 ἋΓΑΟΩΜῈ
2045 3616 2101 3668 et
2147 3616 2218 3675 Φ,
2271 3612 2366 3668 sed
2401 3615 2455 3665 Φ
2500 3612 2559 3667 in

476 3715 643 3770 marg.
714 3700 880 3756 habet
912 3701 1199 3757 scholiumz
1254 3700 1327 3760 ὥς
1362 3699 1654 3772 εὐεργέτην
1706 3696 1969 3770 δηλονότι
2011 3703 2068 3755 et
2102 3700 2366 3755 scholium
2401 3697 2557 3769 εὐερ-

477 3789 642 3857 γέτην
680 3784 943 3855 δηλονότι
977 3789 1138 3843 etiam
1169 3788 1230 3843 in
1250 3788 1319 3855 X,
1354 3789 1450 3845 sed
1486 3786 1824 3858 ἀνεκήρυξεν
1859 3783 2211 3858 (ἐνεκήρυξεν
2242 3785 2363 3856 ΒΟ)
2400 3783 2557 3857 εὔερ-

477 3876 642 3944 γέτην
678 3870 942 3942 δηλονότι
975 3871 1173 3944 (δῆλον
1208 3873 1298 3929 ὅτι
1317 3875 1387 3945 Β)
1419 3876 1587 3932 ΒΟΨ
1612 3880 1669 3932 ot
1700 3895 1750 3932 V.
1891 3878 1951 3929 τί
1979 3874 2085 3946 γὰρ
2124 3872 2210 3944 ἂν]
2246 3873 2353 3945 γὰρ
2389 3891 2477 3929 om
2508 3891 2557 3930 a.

621 3965 669 4020 7.
739 3964 919 4033 βαβαί
951 3980 1036 4018 om
1067 3964 1133 4020 D.
1286 3962 1476 4032 τουτο]
1511 3970 1668 4017 τουτὶ
1704 3962 1755 4022 21
1789 3964 1934 4019 solus
1976 3962 2222 4018 fortassis
2256 3964 2417 4017 reete.

479 4051 637 4122 signa,
667 4067 923 4122 personae
956 4051 1017 4105 in
1049 4051 1163 4118 BA,
1197 4048 1415 4124 Νεκρός
1447 4052 1606 4118 VTF,
1660 4053 1881 4104 ΚΡΑΤ.
1923 4051 2006 4117 ab,
2041 4049 2136 4106 sed
2167 4051 2303 4106 bene
2337 4051 2555 4103 ΣΡΑΤ.

480 4138 562 4206 ed,
611 4138 716 4194 hoc
762 4140 849 4193 ost
907 4136 1261 4209 στρατιώτης.
1426 4136 1652 4206 ἐνίκησα
1687 4166 1756 4176 -
1790 4135 2110 4207 ἠρίστευσα]
2164 4134 2465 4205 ἠρίστευσα
2513 4126 2558 4188 ὦ

468 4223 649 4298 Ερμῆ
714 4230 810 4280 καὶ
876 4224 1101 4295 ἐνίκησα
1152 4223 1219 4284 21.
1397 4223 1645 4297 ἐτίμησε]
1709 4222 1968 4294 ἐτίμησεν
2016 4228 2081 4278 Γ.
2258 4222 2398 4294 ὑπὲρ
2462 4221 2561 4292 γῆς

478 4310 1049 4382 Bomcvofi'nff,
1080 4312 1189 4369 ύπὸ
1226 4313 1325 4385 γῆς
1340 4315 1405 4378 Δ,
1447 4311 1591 4388 ἐνγῇ
1611 4313 1730 4369 odd.
1747 4314 1878 4369 vett.
2016 4307 2225 4381 δεήσει]
2247 4307 2418 4385 δεήσῃ
2437 4310 2554 4367 ΒΟ.
