3099 5241
1382 438 1646 490 ΤΙΜΩΝ.
2402 407 2550 480 145

468 609 789 693 νημένον.
886 610 946 675 6.
1016 609 1179 674 ὥστε
1234 603 1371 674 ὑπὸ
1427 614 1560 675 τῶν
1619 613 1828 675 κακῶν
1883 608 1991 675 ἐπὶ
2046 605 2293 695 ταῦτην
2335 606 2465 694 τὴν
2509 612 2552 652 ⁴*
2590 621 2690 678 111

472 708 770 801 ἐσχατιάν
836 708 1258 797 τραπόμενος
1325 711 1748 798 ἐναψάμενος
1815 711 2139 799 διφθέραν
2197 710 2555 804 ἐργάζομαι

470 813 596 900 τὴν
651 822 802 905 γῆν,
874 812 1264 900 ὑπόμισθος
1323 815 1575 902 ὀβολῶν
1616 814 1963 903 τεττάρων,
2036 824 2119 905 τῇ
2166 818 2404 905 ἐρημίᾳ
2448 817 2555 884 καὶ

470 926 553 1008 τῇ
610 919 855 1008 δικέλλῃ
914 922 1485 1007 προσφιλοσοφῶν.
1581 925 1877 987 ἐνταῦθα
1934 928 2133 988 τοῦτο
2199 928 2369 1011 γοῦν
2431 945 2556 1008 μοι

474 1022 641 1090 δοκῶ
674 1022 1029 1109 κερδανεῖν,
1077 1026 1309 1110 μηκέτι
1347 1023 1642 1109 ὄψεσθαι
1673 1022 1956 1100 πολλοὺς
1989 1023 2172 1111 παρὰ
2208 1023 2336 1110 την
2370 1024 2553 1102 ἀξίαν

472 1121 548 1193 εὖ
598 1125 1035 1213 πράττοντας·
1106 1124 1542 1213 ἀνιαρότατον
1600 1125 1726 1217 γάρ
1782 1127 1979 1195 τοῦτό
2031 1154 2129 1217 γε.
2220 1127 2353 1215 ἤδη
2396 1134 2553 1196 ποτ’

474 1226 618 1310 οὖν,
666 1226 717 1297 ὦ
762 1229 1044 1318 Κρόνου
1088 1232 1195 1297 καὶ
1224 1229 1410 1307 Ῥέας
1454 1236 1574 1312 υἱὲ,
1623 1230 1742 1299 τὸν
1782 1231 2015 1320 βαθὺν
2051 1240 2296 1301 τοῦτον
2335 1234 2557 1302 ὕπνον

474 1333 1002 1421 ἀποσεισάμενος
1081 1335 1189 1401 καὶ
1264 1333 1596 1422 νήδυμον,
1684 1335 1882 1424 (ὑπὲρ
1946 1335 2066 1405 τόν
2122 1336 2557 1424 Ἐπιμενίδην

471 1436 595 1528 γάρ
641 1442 683 1481 ⁴*
727 1440 1175 1527 κεκοίμησαι,)
1221 1440 1328 1506 καὶ
1374 1438 1807 1527 ἀναρριπίσας
1848 1439 1970 1509 τὸν
2011 1439 2349 1528 κεραυνόν,
2397 1442 2441 1527 ἢ
2487 1446 2554 1509 ἐκ
2590 1456 2692 1512 112

470 1549 591 1628 τῆς
654 1544 861 1628 Οἴτης
927 1542 1378 1629 ἐναυσάμενος
1436 1543 1731 1633 μεγάλην
1786 1543 2075 1632 ποιήσας
2130 1543 2258 1631 τῆν
2315 1543 2547 1637 φλόγα,

470 1645 819 1724 ἐπιδείξαιό
874 1673 1023 1716 τινα
1080 1645 1280 1738 χολὴν
1335 1647 1712 1735 ἀνδρώδους
1752 1651 1861 1716 καὶ
1904 1656 2205 1719 νεανικοῦ
2252 1647 2434 1729 Διός,
2500 1653 2560 1716 εἰ

471 1748 569 1838 μὴ
632 1751 854 1838 ἀληθῆ
911 1758 1046 1820 ἐστι
1102 1752 1182 1819 τά
1239 1750 1374 1819 ὑπὸ
1418 1754 1712 1840 Κρητῶν
1754 1755 1905 1842 περὶ
1951 1762 2067 1823 σοῦ
2116 1753 2227 1821 καὶ
2268 1760 2387 1840 τῆς
2431 1759 2558 1821 ἐκεῖ

610 1950 661 2003 6.
736 1944 826 1999 ἐπὶ
862 1942 1085 2013 ταύτην]
1124 1942 1231 1998 ὑπὸ
1268 1943 1475 2012 ταύτην
1516 1949 1583 1997 Ψ.
1725 1943 2011 2015 τεττάρων
2045 1964 2142 2016 ego
2177 1947 2236 2000 in
2269 1946 2351 2002 ed..
2387 1963 2468 2017 pr.
2503 1961 2554 2018 p.

472 2036 524 2090 6.
594 2033 723 2087 libri
753 2031 1054 2102 τεσσάρων.
1196 2028 1697 2101 προσφιλοσοφῶν.
1772 2029 2021 2085 ἐνταῦθα
2053 2030 2243 2104 τοῦτο]
2280 2034 2359 2088 ita
2389 2035 2555 2088 inter-

472 2120 814 2189 punctionem
848 2120 1050 2174 correxi
1082 2120 1142 2173 in
1159 2119 1400 2185 Quaestt.
1421 2119 1482 2173 L.
1509 2136 1562 2188 p.
1585 2121 1668 2175 66.
1740 2119 1867 2173 libri
1901 2119 2272 2189 distinguunt:
2307 2139 2555 2191 προσφι-

472 2203 735 2275 λουσφῶν
784 2204 1049 2259 ἕνταῧθα.
1122 2206 1310 2258 τοῦτο.
1468 2203 1845 2274 ἀνιαρότατον
1877 2207 2099 2262 Bekker.
2172 2205 2559 2277 ἀνιαρῶτερον

473 2292 585 2358 PA,
620 2291 992 2364 ἀνιαρότερον
1008 2311 1056 2348 v.
1197 2289 1307 2360 ἤδη
1346 2289 1467 2345 ποτ’
1507 2281 1608 2344 οὖν
1630 2295 1694 2355 0,
1735 2288 1843 2359 ἤδη
1881 2292 2019 2347 πότε
2058 2284 2159 2347 οὖν
2175 2293 2241 2360 A,
2276 2291 2385 2362 ἤδη
2417 2295 2556 2348 ποτὲ

474 2370 576 2432 οὖν
608 2398 656 2435 v.
817 2371 863 2432 ὦ
899 2377 1120 2449 Κρόνου
1157 2385 1252 2432 καὶ
1276 2378 1431 2435 Ῥέας
1464 2375 1572 2447 υἱέ]
1610 2379 1743 2433 haec
1777 2396 1863 2434 om
1894 2383 1957 2432 Ο.
2099 2379 2239 2450 ὑπὲρ
2275 2380 2377 2435 τὸν
2403 2379 2553 2435 Ἐπι-

473 2463 707 2534 μενίδην
741 2465 868 2536 γάρ]
918 2466 1057 2536 ὑπὲρ
1108 2465 1215 2536 γὰρ
1263 2466 1362 2518 τὸν
1391 2462 1751 2535 Ἐπιμενίδην
1798 2467 1964 2522 schol.
2002 2467 2098 2536 (sc.
2134 2485 2230 2539 pro
2264 2485 2369 2524 var.
2402 2467 2554 2539 lect.)

474 2552 540 2608 cf.
578 2554 820 2625 PhiIOPS.
857 2557 924 2610 25
961 2570 1084 2608 cum
1117 2555 1183 2608 D.
1221 2555 1380 2608 Mort.
1418 2554 1486 2618 X,
1523 2558 1574 2609 9.
1730 2550 2117 2624 ἀναρριπήσας
2153 2560 2217 2607 Ψ.
2365 2554 2426 2609 ἐκ
2460 2556 2558 2624 τῆς

478 2642 643 2710 Oli-nc
677 2642 807 2697 libri
841 2659 1038 2696 omnes.
1111 2642 1169 2696 Τ.
1208 2642 1381 2696 Faber
1415 2641 1560 2711 quod
1575 2641 1751 2710 Aetna
1776 2646 2032 2712 perpetuo
2067 2645 2260 2698 arserit
2292 2644 2555 2711 incendic,

475 2727 611 2783 Oeta
643 2746 751 2783 non
783 2729 929 2794 item,
968 2727 1027 2780 ἐκ
1061 2728 1162 2795 τῆς
1188 2729 1395 2794 Αἴτνης
1430 2728 1595 2781 scribi
1624 2728 1804 2796 jussit,
1841 2730 2085 2784 omnibus
2118 2747 2282 2800 prope
2317 2747 2557 2802 compro-

472 2816 724 2870 bantibus
759 2817 819 2870 in
852 2816 939 2869 his
977 2817 1037 2870 T.
1075 2814 1499 2869 HemsterhusiO.
1574 2817 1631 2868 at
1663 2815 1802 2868 illud
1830 2817 1995 2883 Οἴτης
2028 2816 2271 2871 firmatur
2302 2818 2555 2888 proximis

473 2903 587 2957 hist
622 2900 869 2972 μεγάλην
903 2900 1143 2970 ποιήσας
1174 2900 1281 2969 τὴν
1317 2898 1512 2971 φλόγα.
1588 2902 1767 2971 potuit
1800 2903 1942 2956 enim
1976 2903 2187 2973 Jupiter
2231 2905 2283 2957 si
2326 2905 2386 2958 in
2422 2904 2557 2959 Oeta

473 3006 717 3059 magnam
750 2990 1013 3044 flammam
1045 2989 1258 3055 fecerat,
1301 3006 1364 3043 ex
1400 3006 1462 3043 ea
1494 2987 1698 3042 fulmen
1730 2988 2030 3043 accendere.
2102 2991 2161 3043 in
2195 2990 2399 3044 Aetnae
2432 3007 2555 3046 vero

474 3078 783 3143 crateribus,
832 3093 990 3146 quam
1024 3075 1290 3130 officinam
1323 3076 1598 3130 Vulcanus
1633 3075 1874 3143 urgebat,
1921 3076 1957 3131 J
1957 3076 2068 3130 ovis
2116 3093 2224 3131 non
2258 3079 2373 3132 erat
2405 3077 2554 3131 flam-

472 3179 613 3226 mam
647 3163 816 3221 edere.
889 3167 1007 3217 tum
1040 3163 1131 3217 hic
1164 3166 1229 3217 ut
1261 3163 1503 3232 potentia
1531 3163 1568 3217 J
1568 3163 1679 3216 ovis
1715 3164 1911 3231 pateat,
1948 3179 2079 3232 opus
2115 3166 2200 3217 est
2232 3164 2349 3233 igni
2381 3165 2440 3217 in
2474 3164 2554 3218 lo-

472 3251 552 3305 cis
589 3250 749 3305 editis
784 3251 942 3319 longe
988 3250 1198 3319 lateque
1242 3251 1543 3319 conspicue.
1619 3249 1682 3303 de
1719 3248 1885 3303 Oetae
1930 3251 2201 3304 cacumine
2240 3251 2554 3305 fulminibus

473 3337 643 3407 petito
681 3336 806 3390 olim
854 3336 1058 3390 contuli
1093 3336 1253 3406 Soph.
1293 3337 1539 3391 Trachin.
1578 3353 1626 3389 v.
1664 3338 1770 3392 436
1815 3335 2134 3407 ,feriuntque
2181 3354 2411 3392 summos
2447 3338 2552 3392 ful-

473 3439 608 3491 gura
638 3424 879 3477 montes‘.
951 3424 1054 3477 alio
1094 3423 1250 3476 modo
1294 3423 1553 3476 librorum
1599 3423 1916 3492 scripturam
1963 3422 2022 3476 ἐκ
2056 3424 2154 3491 τῆς
2192 3425 2355 3489 Οἴτης
2388 3441 2556 3495 nuper

476 3508 755 3564 defendere
802 3509 1014 3563 studuit
1059 3511 1124 3565 R.
1171 3511 1354 3578 Unger
1400 3510 1459 3562 in
1492 3509 1655 3564 libro:
1704 3509 1879 3575 ,Sinis‘
1925 3528 1978 3581 p.
2018 3515 2119 3568 196
2155 3529 2235 3581 sq.
2306 3528 2430 3565 nam
2474 3513 2555 3567 vir

475 3595 662 3650 doctus
696 3597 833 3650 bene
867 3596 1137 3665 praefatus
1171 3613 1355 3666 pyram
1402 3596 1502 3649 sub
1537 3597 1762 3650 mortem
1794 3597 2042 3652 Herculis
2079 3597 2143 3652 de
2177 3599 2322 3652 coelo
2354 3601 2554 3653 tactam

475 3700 591 3738 esse
626 3682 777 3737 addit
812 3681 871 3734 ἐκ
907 3683 1004 3750 τῆς
1017 3685 1183 3749 Οἴτης
1217 3682 1326 3737 dici
1358 3685 1502 3737 recte
1536 3684 1792 3752 potuisse,
1829 3684 1970 3754 quod
2001 3687 2203 3739 veteres
2232 3684 2557 3739 crediderint

474 3770 715 3825 fulminis
763 3771 917 3839 ignes
963 3771 1122 3825 busto
1158 3771 1392 3825 inclusos
1427 3771 1615 3825 vivere.
1760 3770 2150 3839 ἐναυσάμενος]
2189 3768 2556 3839 ἐνδυσάμενος

474 3857 540 3923 A,
577 3855 981 3927 ἐγκαυσάμενσς
1012 3858 1079 3912 X.
1218 3856 1322 3925 τὴν
1359 3854 1557 3926 φλόγα]
1595 3864 1690 3910 καὶ
1724 3857 1827 3925 τὴν
1865 3855 2043 3929 φλόγα
2087 3861 2144 3909 Ψ
2172 3857 2400 3912 lectione
2432 3873 2553 3927 per-

474 3945 624 3999 mira.
698 3945 792 3998 sed
826 3944 984 3998 aliter
1017 3944 1149 3998 haec
1196 3944 1322 3998 olim
1358 3944 1560 4014 scripta
1603 3944 1773 3998 fuisse
1807 3945 1967 3999 etiam
2000 3962 2029 3999 e
2064 3944 2353 3998 scholiasta
2386 3944 2553 3998 conli-

474 4046 588 4099 gas,
623 4031 717 4101 qui
749 4031 935 4086 adludi
975 4030 1093 4086 vult
1138 4030 1207 4084 ad
1238 4031 1524 4085 Herculem
1565 4032 1622 4084 in
1672 4047 1873 4086 summo
1917 4032 2115 4086 vertice
2149 4029 2314 4085 Oetae
2353 4046 2551 4086 crema·-

473 4119 590 4170 tum
626 4115 728 4185 (Dc
763 4118 952 4172 Saltat.
990 4119 1086 4174 50.
1121 4117 1226 4184 τὴν
1262 4115 1320 4169 ἐν
1358 4118 1492 4190 Οὶτῃ
1530 4115 1762 4186 nvpo'w):
1798 4134 1904 4187 qua
1938 4116 2003 4172 de
2034 4132 2094 4172 re
2127 4134 2269 4172 nunc
2303 4118 2443 4172 nihil
2473 4119 2552 4172 16·

474 4203 637 4271 gitur.
792 4199 1101 4265 ἐπιδείξαιο
1141 4204 1282 4259 libri„
1358 4200 1638 4265 ἐπίδειξαι
1675 4204 1911 4258 Cebetas
1946 4206 2012 4260 V.
2050 4205 2112 4259 L.
2147 4220 2200 4275 p.
2235 4207 2357 4271 222,
2412 4204 2554 4275 quod

475 4289 634 4343 nimis
668 4290 870 4345 rustice
900 4291 1108 4344 dictum
1137 4290 1367 4349 videtur.
1403 4307 1560 4349 cave
1593 4293 1767 4345 mutes
1804 4293 2098 4362 optativum
2126 4292 2219 4361 qui
2253 4294 2337 4346 est
2359 4292 2554 4346 leniter

475 4376 798 4446 imperantis&
831 4377 1013 4431 malim
1046 4379 1225 4432 tamen
1258 4379 1445 4432 attice:
1480 4374 1794 4440 ἐπιδείξαιο
1834 4398 1903 4432 αν
1936 4397 2062 4432 τινα
2083 4407 2170 4440 -,
2209 4381 2275 4433 ut
2307 4379 2551 4433 omn-Ibus

528 4465 712 4508 Lucum.
738 4466 818 4514 111,
846 4466 887 4510 1.
2071 4467 2137 4522 10
