3099 5241
1155 408 1362 459 essm
1390 405 1773 460 ΔιΑΛοΙοι.
2403 373 2499 445 37

417 585 603 665 ἐρᾶν,
666 575 839 665 μήτε
898 573 1063 661 αὐτῆ
1110 583 1233 644 τοῦ
1274 577 1510 663 ”Apsos
1552 573 1703 663 μήτ’
1754 579 2000 641 ἐκεῖνον
2044 580 2209 655 eof),-
2274 576 2351 641 A
2359 574 2497 643 ΦΡ.

418 682 509 759 ὡς
567 681 780 758 δεινὸς
837 681 902 748 εἷ
953 683 1060 748 καὶ
1117 695 1367 769 κρατεῖς
1410 678 1748 748 ἁπάντων·
1809 676 1966 757 ἀλλὰ
2010 676 2327 768 μεμνήσῃ
2367 677 2501 764 μού

415 811 589 854 ποτε
629 793 758 854 τῶν
802 785 1035 876 λόγων.

1382 910 1562 976 XIII.

516 1031 771 1108 ΔΙΟΣ,
847 1028 1468 1097 ΗΡΑΚΛΕΟΥΣ
1532 1028 1732 1095 ΚΑΙ
1800 1024 2413 1094 ΑΣΚΛΗΠΙΟΥ.

601 1173 659 1237 1.
703 1170 975 1236 ΖΕΥΣ.
1069 1166 1473 1247 Παύσασθε,
1525 1162 1573 1233 ὦ
1610 1150 1959 1251 :aramme
2002 1165 2108 1230 καὶ
2141 1161 2500 1249 Ἡράκλεις,

423 1272 741 1360 ἐρίζοντες
794 1269 962 1359 πρὸς
1022 1270 1331 1357 ἀλλήλους
1376 1273 1592 1358 ὥσπερ
1640 1270 2010 1356 ἄνθρωποι·
2070 1268 2335 1354 ἀπρεπῆ
2379 1264 2504 1356 γὰρ

424 1383 636 1443 ταῦτα
695 1378 800 1442 καὶ
856 1373 1155 1463 ἀλλότρια
1209 1383 1330 1443 τοῦ
1376 1375 1758 1462 συμποσίου
1797 1382 1928 1441 τῶν
1972 1379 2173 1441 θεῶν.
2266 1372 2499 1440 ΗΡΑ.

429 1478 587 1546 ἀλλὰ
647 1482 911 1560 ἐθέλεις,
977 1477 1025 1547 ὦ
1069 1482 1232 1560 Ζεῦ,
1289 1482 1553 1549 τουτονὶ
1606 1477 1726 1547 τὸν
1780 1480 2127 1565 φαρμακέα
2173 1500 2507 1564 προκατα-

433 1583 771 1651 κλίνεσθαί
809 1608 950 1671 μου
963 1613 990 1667 ,-
1055 1586 1282 1652 ΑΣΚ.
1348 1582 1430 1671 νῆ
1478 1584 1632 1665 Δία,
1692 1585 1797 1650 καὶ
1840 1581 1964 1672 γὰρ
2010 1581 2297 1669 ἀμείνων
2343 1579 2499 1668 εἰμι’.

429 1777 544 1831 τῶν
576 1773 762 1829 καλῶν
811 1795 919 1832 non
970 1778 1166 1848 optime
1213 1778 1527 1834 concordare
1573 1794 1694 1833 oum
1736 1777 1985 1847 adjuncto
2039 1774 2115 1844 μὴ
2151 1775 2355 1838 τοίνυν,
2411 1791 2509 1829 nee

426 1866 563 1919 bene
597 1865 858 1921 rationem
905 1866 1206 1920 conclusam
1253 1866 1348 1920 sed
1394 1864 1582 1920 falsam
1631 1882 1747 1920 esse
1783 1865 1943 1918 istam
1976 1862 2507 1933 argumentationem:

427 1969 490 2006 ex
527 1969 632 2022 quo
666 1952 832 2022 sequi,
882 1955 944 2006 ut
977 1952 1131 2007 aliter
1174 1954 1441 2008 Lueianus
1486 1953 1778 2022 scripserit.
1846 1954 2025 2006 tamen
2074 1950 2215 2021 quod
2254 1949 2395 2004 idem
2429 1950 2511 2004 vir

426 2039 721 2093 mutatione
755 2040 1035 2093 verborum
1067 2039 1151 2093 uti
1184 2039 1366 2104 voluit,
1382 2039 1457 2095 jd
1491 2056 1524 2093 a
1558 2039 1810 2110 Poppone
1846 2041 1902 2092 et
1917 2038 2222 2093 Lehmanno
2257 2037 2393 2091 bene
2425 2053 2509 2091 re-

425 2125 662 2179 futatum
696 2128 793 2181 est.
866 2126 1042 2180 verbis
1078 2126 1219 2180 enim
1253 2143 1388 2197 quae
1433 2127 1594 2195 vulgo
1642 2126 1951 2180 exciderunt
1995 2124 2208 2179 tandem
2241 2124 2509 2178 restitutis

428 2230 496 2266 ne
531 2212 691 2266 litera
725 2212 939 2283 quidem
971 2215 1177 2267 mutata
1209 2230 1342 2283 opus
1378 2230 1494 2268 esse
1529 2214 1713 2284 liquet.
1852 2209 2081 2279 τούτων]
2102 2208 2313 2264 τούτων
2348 2208 2509 2263 ἕνεκα

430 2296 496 2355 21.
653 2297 713 2366 ἢ]
748 2289 787 2366 ἦ
821 2299 888 2355 U.
1050 2301 1112 2351 σὺ
1152 2290 1197 2351 ὦ
1232 2299 1409 2368 μῆτερ
1450 2298 1586 2368 αὐτὴ
1625 2300 1828 2357 ΒΑΟΨ
1858 2302 1914 2353 et
1946 2318 1994 2365 v,
2044 2298 2105 2351 σὺ
2151 2297 2329 2367 μῆτερ
2368 2295 2503 2365 αὐτὴ

430 2385 537 2453 (o'm
572 2376 644 2456 ὦ)
681 2388 746 2447 Ω,
800 2385 863 2437 σὺ
916 2383 1051 2453 αὐτὴ
1103 2377 1146 2437 ὦ
1193 2386 1372 2454 μῆτερ
1414 2393 1477 2450 Δ,
1531 2385 1592 2439 σὺ
1651 2377 1697 2438 ὦ
1741 2386 1918 2455 μῆτερ
1957 2385 2064 2453 (0111
2100 2382 2259 2452 αὖτὴ)
2294 2381 2359 2441 ἓῖ.

430 2471 571 2540 μήτε
611 2473 667 2525 σὲ
717 2473 845 2526 libri
893 2489 1088 2539 omnes,
1136 2491 1233 2544 pro
1280 2491 1384 2545 quo
1419 2475 1629 2529 Bekker
1671 2473 2054 2528 nominativum
2094 2472 2212 2542 jure
2255 2487 2511 2541 quaerens

431 2558 660 2629 eonjeeit
692 2558 835 2628 μήτε
875 2557 936 2612 σύ
974 2561 1234 2631 probante
1268 2561 1561 2616 Dindorfio.
1633 2561 1792 2615 immo
1829 2560 1912 2614 uti
1944 2575 2087 2614 nuno
2116 2556 2167 2616 21
2202 2558 2369 2624 docet,
2404 2558 2511 2612 isto

433 2648 491 2699 σὲ
530 2647 703 2701 deleto
743 2645 880 2718 αὖζτὴ
919 2648 998 2701 ita
1031 2649 1481 2720 transponendum
1517 2650 1629 2703 est:
1679 2647 1761 2711 σὺ,
1814 2638 1860 2700 ὦ
1894 2646 2092 2717 μῆτερ,
2143 2648 2342 2715 μηκέτι
2377 2643 2513 2712 ἐρᾶν

429 2732 570 2802 μήτε
609 2732 743 2801 αὐτὴ
783 2733 883 2787 τοῦ
920 2764 1007 2788 -.
1082 2736 1142 2790 in
1172 2736 1325 2790 libris
1359 2736 1629 2806 plerisque
1676 2738 1732 2790 et
1775 2735 1935 2803 vulgo
1972 2736 2079 2788 est:
2129 2732 2190 2785 σὺ
2231 2723 2276 2786 ὦ
2309 2732 2508 2800 μῆτερ,

433 2817 570 2888 αὐτὴ
607 2824 807 2888 μηκέτι
845 2819 983 2891 ἐρᾶν
1016 2820 1173 2890 μήτε
1195 2822 1252 2875 σὲ
1289 2821 1388 2875 τοῦ
1425 2852 1512 2885 -,
1551 2826 1616 2877 ut
1643 2823 1753 2893 J’am
1788 2820 2107 2891 supradixi.
2178 2823 2236 2874 at
2271 2817 2413 2888 μήτε
2452 2820 2513 2871 σέ

431 2907 522 2962 hie
556 2923 664 2962 non
699 2910 784 2963 est
816 2924 1004 2977 graece
1039 2901 1255 2964 dictum.
1309 2927 1536 2966 errorem
1567 2909 1838 2966 Schaeferi
1873 2895 2091 2966 effes.
2110 2908 2299 2978 Effips.
2316 2924 2368 2977 p.
2390 2907 2508 2971 224,

434 2994 527 3064 qui
561 2994 619 3048 in
654 2995 914 3064 oppositis
948 2996 1327 3051 nominativum
1359 2996 1625 3052 infinitivo
1656 2997 1813 3068 jungi
1846 3012 2003 3067 posse
2038 2995 2281 3064 negabat,
2316 2995 2372 3047 et
2391 3009 2513 3063 par-

431 3082 530 3135 tim
549 3081 782 3137 Lobeeki
799 3082 869 3136 ad
887 3082 1087 3152 Phryn.
1101 3101 1154 3154 p.
1170 3086 1272 3141 750
1292 3101 1390 3154 ego
1405 3086 1609 3155 primus
1628 3082 1855 3154 (opinor)
1873 3082 2100 3138 refutavi
2123 3080 2433 3146 inQuaestt.
2449 3081 2511 3136 L.

431 3185 482 3237 p.
525 3170 641 3224 102.
772 3166 981 3238 ’.Ἄρεως
1012 3168 1256 3227 ΒΑΟἳΙΩ
1291 3174 1349 3226 et
1380 3190 1428 3236 v,
1459 3170 1657 3240 Ἄρεος
1690 3175 1739 3224 A
1774 3169 1875 3239 (ita
1908 3167 1977 3236 A)
2022 3173 2075 3221 Ψ
2104 3184 2225 3223 eum
2257 3167 2513 3223 Bekkero.

430 3256 620 3325 recepi.
762 3254 886 3324 μήτ’
929 3254 1158 3326 ἐκεῖνον]
1196 3256 1338 3326 μήτε
1376 3256 1589 3312 ἐκεῖνον
1604 3255 1875 3315 ΒΑἨΨΩ.
2024 3253 2102 3324 εἶ]
2138 3253 2196 3308 εἶ
2223 3254 2286 3308 σὺ
2306 3252 2371 3312 ἓῐ.

432 3340 711 3414 μεμνήσῃ]
744 3346 997 3411 μέμνησο
1034 3348 1083 3397 Δ
1118 3345 1278 3400 solus.
1418 3343 1527 3413 μού
1563 3345 1727 3412 ποτε]
1762 3346 1903 3397 ποτέ
1936 3361 2046 3413 μου
2083 3340 2148 3400 ἓῖ.

570 3588 836 3641 ΔΙΟΣ-
854 3586 1333 3654 ΑΣΚΛΗΠΙΟΤ]
1354 3587 1435 3642 ita
1451 3604 1547 3657 ego
1567 3587 1784 3658 scripsi;
1810 3584 1963 3644 Ζεὺς.
1980 3584 2273 3655 Ἡρακλῆς,
2289 3583 2512 3655 Ἀσκλη-

432 3673 560 3731 πιὸς
593 3675 639 3728 Β
689 3677 745 3728 et
786 3674 874 3728 bis
910 3672 974 3739 A,
1019 3674 1180 3728 semel
1224 3673 1365 3729 idem
1397 3674 1475 3729 A:
1521 3674 1681 3731 Ζεὺς.
1712 3670 1989 3742 Ἡρακλῆς
2035 3680 2129 3725 καὶ
2169 3669 2510 3737 Ἀοκληπιόο,

432 3765 549 3815 tum
565 3759 702 3818 Διὸς
734 3766 828 3812 καὶ
865 3758 979 3826 (καὶ
1015 3777 1100 3815 om
1133 3759 1314 3830 vulgo)
1345 3758 1675 3829 Ἀσκληπιοῦ
1713 3757 2149 3828 καὶἹΙρακλέους
2181 3761 2227 3815 F
2264 3762 2320 3815 et
2338 3760 2514 3828 vulgo,

437 3848 661 3918 denique
680 3848 910 3903 Thomas
928 3864 978 3916 p.
998 3848 1082 3913 88,
1100 3850 1161 3904 7:
1199 3845 1257 3899 ἐν
1290 3848 1366 3914 τῷ
1389 3844 1725 3919 Ἡρακλέους
1760 3853 1854 3899 καὶ
1883 3843 2213 3915 Ἀσκληπιοῦ
2252 3843 2509 3916 διαλόγῳ.

435 3939 576 3990 reete
612 3936 776 3990 etiam
808 3933 921 3999 BA,
957 3933 1007 3988 si
1041 3934 1284 3989 omnibus
1321 3935 1545 4005 dialogis
1588 3935 1950 4006 praefigantur
1981 3935 2306 3989 nominativi.

576 4025 623 4079 1.
685 4017 1001 4093 Ἡράκλεις]
1026 4017 1296 4091 ’Ἠρακλες
1309 4019 1526 4079 ΒΑΉΨ.
1674 4017 1996 4088 ἄνθρωποι]
2036 4017 2098 4073 οἶ
2129 4018 2429 4092 ἅνθρωποι
2447 4019 2512 4079 Ξῖ.

454 4176 483 4231 λ
574 4105 816 4176 ἐθέλεις]
850 4104 1036 4165 θέλεις
1082 4105 1243 4165 215213'.
1399 4107 1641 4177 τουτονὶ]
1678 4107 1879 4161 τοῦτον
1914 4105 2074 4166 ἓῐΩΕ.
2231 4127 2515 4179 προκατα-

435 4250 731 4318 κρίκεσθαι
766 4244 822 4318 (λ
856 4263 944 4302 seo
977 4245 1135 4315 111)Α.
1278 4254 1372 4301 καὶ
1406 4246 1512 4319 γὰρ
1554 4245 1795 4316 ἀμείνων
1813 4245 1974 4313 ῊΩΕ,
2010 4253 2103 4300 καὶ
2134 4244 2375 4314 ἀμείνων
2406 4246 2514 4317 γὰρ

435 4335 684 4392 ΒΔΟΔΨ
716 4337 774 4391 et
804 4352 853 4390 v.
925 4336 984 4389 at
1015 4334 1069 4390 h.
1108 4335 1144 4390 1.
1194 4341 1290 4389 καὶ
1327 4332 1569 4403 ἀμείνων
1613 4333 1720 4404 γὰρ
1771 4334 1878 4390 diei
1920 4350 2027 4390 non
2060 4336 2284 4404 poterat.
2355 4347 2518 4402 qua-re
