3099 5241
514 374 732 432 LXXII
1360 377 1457 431 DE
1511 377 1747 432 LIBRIS

514 573 785 619 numero
831 553 1134 638 permulti
1173 558 1440 618 aetatem
1487 554 1798 638 tulerunt,
1844 554 2039 619 altera
2085 554 2258 637 quod
2304 553 2496 618 dictio
2541 558 2604 618 et

519 659 878 723 atticismus
902 656 1175 722 Luciani
1205 663 1533 741 tantopere
1565 657 1689 721 sibi
1720 662 1990 741 constat,
2033 662 2109 722 ut
2137 679 2222 723 ex
2252 678 2326 723 eo
2355 659 2495 742 ipso
2527 659 2604 723 de

530 762 864 848 opusculis
910 763 1223 847 suspectis
1269 764 1503 826 certius
1547 763 1762 846 paullo
1815 764 1965 829 ferri
2004 763 2337 846 .judicium
2393 767 2599 846 queat.

521 868 628 933 Sic
675 886 934 951 quoque
980 885 1096 950 ego
1143 871 1207 931 et
1243 868 1505 950 juvenis
1552 871 1615 930 et
1649 867 1782 949 jam
1828 869 1927 930 vir
1980 868 2188 931 factus
2243 867 2358 931 has
2414 886 2605 951 quae-

523 973 761 1036 stiones
842 970 1068 1035 studui
1154 970 1451 1054 defugere
1529 991 1743 1055 neque
1837 990 1942 1036 eas
2022 973 2152 1036 nisi
2231 972 2605 1037 necessitate

523 1081 783 1140 coactus
863 1095 1159 1159 unquam
1239 1075 1567 1159 adtingere
1656 1096 1855 1140 ausus
1932 1096 2097 1140 sum.
2225 1074 2419 1139 Nunc
2502 1075 2607 1140 de-

522 1199 702 1244 mum
750 1198 951 1244 senex
994 1199 1204 1244 meam
1252 1180 1330 1244 de
1375 1181 1571 1244 tantis
1613 1179 1809 1244 rebus
1862 1182 2244 1245 sententiam
2288 1181 2607 1265 explicare
2695 1240 2702 1245 .

525 1284 804 1349 conabor
883 1284 1064 1348 nulla
1147 1303 1301 1349 sane
1377 1282 1749 1368 perficiendi
1838 1304 1950 1368 spe
2038 1285 2151 1350 sed
2237 1285 2609 1368 experiendi

523 1391 871 1453 voluntate.

702 1495 802 1558 Ac
867 1495 1147 1578 primum
1219 1495 1481 1579 quidem
1560 1494 1605 1557 ii
1674 1494 1876 1557 critici
1941 1513 2075 1557 rem
2144 1514 2263 1558 acu
2329 1497 2612 1579 tetigisse

525 1598 799 1684 putandi
867 1605 1053 1682 sunt,
1137 1601 1251 1683 qui
1334 1618 1543 1682 nuper
1623 1598 1981 1662 rationibus
2060 1599 2316 1683 optimis
2386 1600 2611 1664 adlatis

533 1703 824 1787 singulos
894 1704 1205 1787 quosdam
1281 1704 1530 1769 libellos
1615 1703 1694 1768 ab
1772 1701 2060 1766 Luciano
2141 1702 2613 1788 abjudicarunt,

539 1809 710 1873 sicut
754 1827 901 1871 eum
951 1809 1063 1892 qui
1108 1803 1536 1891 ,Μακρί-βιοι·
1587 1806 1977 1888 inscribitur,
2023 1807 2103 1871 ob
2150 1827 2375 1872 causas
2419 1809 2616 1893 pluri-

536 1932 675 1976 mas
719 1911 1011 1976 Rankius
1054 1913 1095 1975 l.
1142 1913 1186 1976 l.
1233 1933 1292 1997 p.
1348 1913 1427 1977 16
1474 1932 1635 1996 sqq.,
1692 1910 1920 1975 deinde
1978 1917 2122 1995 post
2164 1912 2321 1976 alios
2365 1914 2615 1977 criticos

537 2018 1053 2097 ,Δημοσθένους
1135 2013 1480 2102 1ι’γκ(ιί,ιιιον6
1553 2016 1901 2079 Grauertus
1979 2017 2046 2078 in
2127 2016 2166 2078 l.
2237 2016 2477 2082 Histor.
2544 2038 2611 2081 ιι.

534 2121 756 2206 philol.
801 2120 1160 2185 Analekten
1216 2141 1277 2206 p.
1325 2122 1452 2187 289
1501 2141 1596 2205 sq.
1644 2120 1855 2183 adnot.
1905 2120 2007 2202 80,
2069 2121 2182 2204 qui
2241 2129 2617 2205 argumento

533 2227 940 2312 potissimum
998 2225 1144 2290 libri
1208 2226 1482 2308 ducitur,
1547 2232 1864 2309 postremo
1920 2244 2226 2307 spurcum
2295 2227 2613 2310 dialogum

537 2328 856 2411 ,''Effi›vne,c‘
915 2328 1194 2395 Cobetus
1251 2333 1319 2394 in
1369 2331 1549 2394 Varr.
1613 2329 1784 2394 Lect.
1845 2349 1907 2412 p.
1959 2330 2083 2393 117
2130 2335 2192 2394 et
2235 2351 2297 2415 p.
2344 2332 2469 2396 257
2516 2331 2619 2396 vel
2733 2356 2736 2359 ·

535 2435 616 2499 ob
699 2434 956 2498 dicendi
1039 2454 1247 2519 genus
1332 2437 1601 2499 minime
1673 2432 2090 2497 Lucianeum.
2227 2434 2458 2500 Contra
2545 2456 2620 2500 ea

533 2539 787 2604 Bekker
845 2539 1010 2603 tristi
1065 2545 1315 2604 tantum
1377 2544 1528 2603 nota
1575 2540 1656 2625 (p.
1710 2538 1855 2617 153)
1910 2538 2193 2623 praefixa
2252 2537 2624 2604 AAA.QN

550 2642 889 2709 TINJLN
949 2645 1201 2729 spurios
1262 2647 1358 2725 (ut
1423 2646 1562 2729 ipse
1627 2644 1914 2728 putabat)
1982 2645 2229 2709 libellos
2295 2646 2485 2709 tacito
2541 2645 2621 2709 de

537 2750 808 2814 Luciani
877 2768 1134 2833 corpore
1192 2750 1461 2814 avellere
1530 2750 1777 2812 maluit.
1891 2749 2068 2814 Nihil
2126 2751 2300 2814 enim
2355 2770 2391 2815 e
2444 2770 2622 2834 prae-

539 2855 779 2920 fatione
834 2856 976 2938 ejus
1039 2853 1325 2936 discitur,
1379 2855 1451 2917 in
1509 2873 1638 2937 qua
1694 2860 1909 2919 narrat
1951 2874 2071 2919 sua
2115 2875 2306 2940 opera
2349 2860 2411 2919 et
2451 2874 2622 2919 nova

543 2960 856 3024 librorum
910 2959 1402 3042 transpositione
1462 2959 1869 3043 exploratum
1928 2979 2065 3024 esse
2114 2942 2300 3044 ,quid
2356 2960 2623 3043 dignum

542 3064 828 3128 Luciano
877 3064 1033 3147 quid
1078 3065 1158 3127 in
1175 3063 1496 3147 dignum
1544 3065 1747 3130 esset‘.
1819 3063 2017 3140 Quasi
2047 3083 2197 3128 vero
2242 3084 2372 3128 non
2404 3083 2624 3128 omnes

539 3169 751 3250 libros,
821 3188 984 3251 quos
1050 3168 1368 3252 genuinos
1436 3188 1577 3234 0330
1642 3189 1955 3253 negamus
2023 3188 2097 3233 eo
2158 3170 2459 3253 scriptore
2518 3169 2625 3233 cui

542 3273 741 3337 tribui
808 3273 1014 3337 solent
1087 3273 1377 3336 dicamus
1453 3274 1846 3358 indignos
1924 3292 2082 3338 esse.
2195 3274 2285 3337 At
2362 3273 2623 3337 forsitan

540 3377 792 3441 Bekker
848 3381 1177 3461 propterea
1228 3377 1374 3460 jure
1434 3397 1553 3441 suo
1614 3380 1904 3460 tacuerit,
1973 3377 2145 3462 quod
2206 3397 2314 3441 eos
2373 3383 2623 3442 tantum

541 3481 737 3545 libros
807 3482 920 3565 qui
981 3482 1113 3563 jam
1173 3501 1210 3544 a
1267 3481 1564 3565 plurimis
1629 3484 1797 3547 inter
1863 3483 2117 3567 spurios
2182 3482 2363 3546 relati
2430 3487 2626 3564 erant,

546 3583 749 3649 ἄλλων
806 3592 997 3648 τινῶν
1053 3585 1252 3651 fuisse
1301 3585 1635 3669 judicaret.
1746 3586 1915 3671 Ergo
1959 3585 2029 3650 id
2075 3606 2355 3671 quoque,
2415 3588 2629 3670 cujus-

473 3726 477 3730 -
544 3690 718 3755 modi
774 3693 857 3755 sit
913 3696 976 3755 et
1031 3711 1228 3775 quam
1282 3691 1407 3754 late
1463 3697 1692 3774 pateat,
1751 3710 1931 3756 nunc
1984 3691 2338 3755 videamus.
2443 3690 2629 3754 Prin-

547 3798 712 3881 cipio
781 3796 849 3860 F.
918 3795 1291 3878 Jacobsius,
1372 3797 1485 3879 qui
1566 3797 1824 3860 criticus
1905 3796 2018 3861 diu
2086 3802 2149 3861 et
2212 3796 2490 3860 multum
2558 3796 2628 3858 in

546 3902 831 3967 Luciano
897 3906 1188 3965 versatus
1265 3906 1391 3984 est,
1472 3922 1677 3985 quum
1755 3900 1909 3965 alibi
1981 3921 2200 3965 -unum
2279 3901 2630 3964 alterumve

545 4005 837 4071 libellum
883 4006 1033 4087 (duo
1077 4005 1369 4088 inquam,
1429 4026 1562 4070 non
1618 4006 1855 4089 plures)
1900 4008 1971 4070 in
2029 4007 2461 4091 suspicionem
2523 4005 2632 4068 ad-

551 4112 755 4192 duxit,
800 4116 938 4174 tum
983 4112 1051 4173 in
1099 4109 1475 4194 Appendice
1521 4110 1598 4173 ad
1646 4110 1914 4175 Porsoni
1945 4111 2283 4175 Adversar.
2332 4110 2428 4173 ed.
2462 4109 2630 4193 Lips.

547 4236 610 4300 p.
659 4216 809 4297 288,
854 4236 914 4300 Ρ.
962 4216 1111 4296 290,
1155 4235 1216 4298 Ρ.
1250 4215 1374 4281 297
1423 4220 1485 4279 et
1527 4235 1588 4299 p.
1619 4215 1750 4280 304
1795 4216 2057 4280 omnino
2104 4217 2396 4298 quinque
2440 4232 2634 4298 opus-

551 4320 697 4384 cula
739 4321 843 4385 vel
872 4340 1091 4385 eorum
1121 4326 1329 4405 partes
1374 4318 1455 4383 ab
1484 4318 1770 4384 Luciano
1815 4320 2224 4404 abjudicavit,
2269 4320 2338 4382 in
2386 4317 2623 4404 quibus
