3099 5241
531 433 645 487 XII
1274 433 1370 487 DE
1422 432 1874 488 FRAGMENTIS

533 610 838 675 videntur
927 609 1291 693 divulgatae
1370 629 1527 674 esse.
1654 608 1760 673 Ab
1842 609 2247 695 philosophO,
2327 610 2616 693 inquam,

533 715 804 779 editore:
865 715 972 778 cui
1019 713 1276 797 singula
1322 733 1618 797 quaeque
1664 714 1962 779 adcurate
2011 713 2399 779 excutienda
2442 718 2619 777 erant

531 818 1035 905 videndumque,
1090 837 1174 882 ne
1238 818 1395 902 quid
1452 822 1566 880 aut
1622 818 1786 882 male
1834 818 2145 903 deperiret
2189 822 2301 882 aut
2344 818 2618 902 pessime

533 922 907 1006 abundaret,
951 924 1074 987 hoc
1118 927 1214 987 est
1252 942 1335 987 ne
1364 921 1799 986 Demonactea
1827 942 2006 987 nunc
2033 923 2193 987 falso
2224 922 2620 987 traderentur

534 1027 640 1092 vel
693 1046 953 1111 prorsus
1011 1027 1305 1091 deessent
1359 1046 1538 1090 nunc
1594 1026 1818 1091 alienis
1876 1027 2130 1111 gnomis
2183 1026 2451 1091 intrusis
2495 1025 2620 1089 fide

538 1136 841 1197 carerent.
934 1130 1166 1195 Contra
1205 1128 1560 1213 LucianuS,
1614 1132 1721 1194 cui
1763 1132 1921 1195 haec
1968 1150 2226 1215 quoque
2272 1127 2620 1215 ἀποφθέγ-

541 1260 726 1319 ματα
806 1237 1036 1320 partim
1112 1254 1245 1299 non
1307 1239 1599 1319 poterant
1662 1255 1793 1299 non
1861 1236 2195 1301 notissima
2268 1254 2436 1317 esse,
2510 1233 2621 1298 tali

537 1341 803 1406 editioni
846 1341 1052 1424 impar
1092 1341 1350 1405 futurus
1396 1344 1542 1404 erat.
1634 1338 1806 1416 Quid
1857 1341 2055 1424 igitur
2103 1341 2359 1423 faceret,
2418 1360 2620 1424 quum

533 1446 661 1530 ipsi
732 1464 990 1530 quoque
1066 1444 1427 1529 philosophi
1486 1445 1600 1508 diu
1656 1446 2031 1509 amicissimi
2089 1435 2152 1510 et
2205 1445 2442 1513 summi
2495 1444 2620 1507 viri

539 1550 825 1614 laudatio
887 1548 1221 1614 scribenda
1281 1555 1447 1614 esset
1503 1568 1906 1634 gnomaeque
1960 1549 2436 1619 laudatissimae
2481 1553 2620 1612 tum

538 1654 617 1719 ab
662 1654 1037 1739 philosopho
1082 1655 1319 1737 optime
1352 1654 1733 1719 ederentur?
1823 1654 2001 1719 Fecit
2029 1654 2136 1718 ille
2170 1654 2343 1736 quod
2377 1654 2616 1738 potuit:

535 1760 789 1844 gnomis
844 1759 1081 1823 severis
1140 1758 1513 1843 philosopho
1570 1759 1808 1824 relictis
1865 1759 1988 1822 0110
2049 1778 2214 1842 0000
2260 1757 2444 1823 edere
2488 1777 2621 1820 non

539 1869 673 1929 erat
737 1853 1095 1948 philosophi
1172 1865 1309 1947 ipse
1377 1864 1730 1948 supplevit,
1811 1864 1982 1927 dicta
2050 1864 2270 1945 jocosa
2347 1867 2410 1927 et
2475 1882 2622 1926 vere

537 1969 810 2050 dicacia,
876 1968 1200 2052 jussitque
1276 1988 1426 2050 nos,
1507 1989 1635 2052 quo
1702 1969 1933 2033 melius
2000 1987 2217 2032 veram
2284 1986 2358 2030 ac
2425 1970 2622 2030 totam

536 2072 948 2138 Demonactis
992 2073 1362 2137 memoriam
1407 2078 1792 2155 teneremuS,
1853 2075 1921 2136 in
1966 2073 2132 2136 hanc
2179 2091 2437 2156 quoque
2481 2092 2623 2155 par-

535 2183 664 2243 tem
707 2177 1173 2242 Demonacteae
1216 2179 1385 2241 vitae
1440 2184 1543 2241 tan
1557 2198 1750 2262 quam
1793 2179 1862 2241 in
1910 2177 2244 2260 speculum
2287 2177 2622 2260 inspicere.

534 2281 834 2366 Denique
935 2300 1251 2365 quaenam
1342 2282 1850 2347 Samosatensem
1944 2284 2112 2347 inter
2204 2287 2267 2346 et
2361 2281 2623 2362 cynicos

536 2387 833 2471 aequales
899 2387 1058 2450 ratio
1124 2387 1576 2469 intercesserit,
1652 2407 1737 2451 ex
1800 2387 1922 2451 hac
1985 2385 2411 2468 ,Demonactis
2470 2386 2620 2448 vita‘

539 2491 747 2556 elucet
829 2490 1195 2555 clarissime.
1320 2489 1573 2567 Quibus
1654 2491 1731 2555 de
1808 2489 2000 2555 rebus
2077 2491 2137 2554 J.
2205 2490 2624 2571 BernaysiuS,

537 2597 916 2678 cynicorum
979 2596 1253 2661 istorum
1320 2600 1628 2680 patronus
1695 2599 1757 2661 et
1823 2598 2155 2660 accusator
2219 2593 2489 2659 Luciani
2554 2594 2624 2658 in

535 2700 750 2765 libello
798 2719 984 2785 quem
1036 2721 1231 2785 supra
1276 2701 1413 2764 dixi
1458 2700 1649 2785 longe
1695 2701 1874 2765 aliter
1904 2701 2226 2782 sensisset,
2273 2700 2328 2763 si
2350 2698 2625 2763 Luciani

539 2806 823 2890 dialogos
881 2811 943 2870 et
984 2805 1242 2869 fllorum
1287 2811 1648 2890 temporum
1691 2806 2022 2870 historiam
2065 2804 2260 2889 probe
2305 2806 2624 2888 cognitam

536 2909 881 2974 habuisset.
985 2909 1151 2974 Nam
1231 2909 1593 2993 LucianuS,
1674 2911 1787 2995 qui
1864 2914 2107 2974 veteres
2191 2910 2334 2974 illos
2400 2911 2624 2974 heroas

536 3015 1013 3097 Antisthenem,
1079 3013 1458 3098 Diogenem,
1528 3014 1860 3097 Cratetem,
1919 3013 2299 3099 Menippum
2374 3032 2625 3077 summo

537 3121 780 3184 honore
845 3120 1151 3203 prosequi
1219 3118 1495 3201 solebat,
1562 3119 1734 3184 idem
1800 3118 2136 3204 plerosque
2194 3138 2349 3183 suae
2406 3119 2627 3184 aetatis
2717 3177 2726 3188 .

540 3225 805 3305 cynico‘s
874 3222 1100 3287 acerbe
1168 3222 1451 3305 oderat,'
1488 3244 1653 3308 quos
1719 3224 1985 3288 vidisset
2051 3224 2385 3288 seditiosos
2455 3224 2627 3287 cives

538 3349 679 3395 esse
739 3334 802 3392 et
855 3332 1103 3412 praeter
1160 3328 1317 3391 alios
1362 3329 1554 3392 etiam
1598 3311 1963 3413 imperatori
2008 3328 2400 3410 maledicere,
2454 3329 2628 3412 ipsos

537 3438 753 3498 autem
829 3451 1126 3516 spurcam
1202 3433 1404 3496 vitam
1482 3452 1668 3517 agere
1746 3438 1809 3497 et
1890 3432 2288 3517 flagitiosam.
2398 3432 2630 3496 Contra

535 3538 875 3603 Demonax
953 3537 1251 3618 cynicuS,
1329 3539 1624 3622 egregius
1703 3539 1806 3602 vir
1887 3543 1951 3602 et
2026 3536 2216 3621 plane
2283 3537 2629 3621 singularis

536 3642 825 3707 Luciano
870 3640 1209 3706 videbatur
1254 3661 1335 3705 cu
1447 3643 1776 3707 veteribus
1823 3662 1984 3727 quos
2032 3641 2170 3705 dixi
2213 3642 2390 3706 illius
2422 3645 2631 3706 sectae

539 3747 931 3833 philosophis
999 3662 1468 3830 comparanffiis
1538 3768 1695 3813 esse.
1802 3747 1972 3831 Ergo
2040 3768 2190 3812 cum
2254 3744 2631 3830 aequalibus

542 3852 790 3933 cynicis
855 3853 947 3914 ita
1010 3850 1082 3913 in
1140 3852 1409 3934 gratiam
1469 3853 1796 3917 rediturus
1857 3857 2009 3934 erat,
2078 3854 2133 3916 si
2187 3851 2314 3935 ipsi
2374 3870 2632 3934 quoque

538 3957 799 4021 tandem
845 3956 1155 4021 auderent
1200 3976 1441 4042 sapere,
1488 3956 1946 4021 Demonactem
1977 3957 2164 4041 sequi
2191 3956 2406 4040 potius
2438 3974 2633 4039 quam

540 4061 961 4144 Peregrinum
1020 4066 1083 4126 et
1136 4062 1217 4125 ad
1272 4061 1600 4125 meliorem
1657 4061 1909 4146 frugem
1961 4062 2212 4126 reverti.
2304 4059 2632 4124 Postremo

540 4168 759 4250 ipsum
821 4185 1081 4250 quoque
1126 4165 1418 4230 Marcum
1460 4165 1892 4248 Antoninum,
1953 4165 2310 4250 benignum
2363 4166 2633 4249 impera-

546 4275 748 4335 torem
792 4275 855 4334 et
896 4271 1349 4354 philosophum
1394 4269 1682 4334 Stoicum
1738 4272 1808 4334 in
1870 4269 2093 4335 eadem
2137 4270 2453 4335 sententia
2495 4288 2635 4353 per-

554 4376 790 4440 stitisse
850 4394 1050 4459 quum
1114 4374 1237 4436 alia
1294 4375 1657 4438 testimonio
1718 4379 1873 4439 sunt
1927 4379 2068 4438 tum
2125 4374 2289 4438 illud
2333 4374 2635 4456 maxime,
