3099 5241
507 356 652 429 142
1327 383 1776 436 ΛουΚιΑΝου

497 556 542 643 ἢ
596 554 724 642 τῆν
765 561 882 624 τοῦ
927 552 1453 642 πανδαμάτορος
1495 560 1818 641 κεραυνοῦ
1861 552 2096 645 φλόγα·
2163 555 2336 621 οὕτω
2382 551 2585 622 δαλόν

496 687 642 729 τινα
687 658 1240 728 ἐπανατείνεσθαι
1284 658 1491 734 δοκεῖς
1522 657 1768 738 αὐτοῖς,
1820 657 1905 734 ὦς
1934 665 2070 746 πῦρ
2095 662 2222 745 μὲν
2251 658 2296 743 ἢ
2322 656 2584 726 καπνὸν

500 764 620 833 ἀπ’
683 764 890 832 αὐτοῦ
943 761 1042 851 μὴ
1106 763 1407 845 δεδιέναι,
1471 761 1692 847 μόνον
1738 762 1808 829 δὲ
1850 769 2048 830 τοῦτο
2098 765 2365 830 οἴεσθαι
2407 760 2582 829 ἀπο-

362 881 463 938 102
497 866 714 936 λαύειν
790 874 915 936 τοῦ
989 866 1394 956 τραύματος,
1483 868 1584 934 ὅτι
1648 870 1691 910 ⁴*
1758 864 2404 953 ἀναπλησθήσονται
2466 873 2584 951 τῆς

499 969 808 1060 ἀσβόλου.
905 973 1069 1040 ὥστε
1133 970 1265 1059 ἤδη
1335 970 1444 1038 διά
1501 967 1712 1038 ταῦτά
1777 995 1883 1038 σοι
1937 970 2046 1037 καὶ
2107 968 2143 1037 ό
2187 967 2583 1057 Σαλμωνεὺς

501 1076 932 1165 ἀντιβροντᾶν
993 1073 1261 1163 ἐτόλμα,
1335 1074 1410 1143 οὗ
1473 1072 1656 1143 πάνυ
1711 1101 1774 1143 τι
1833 1073 2171 1151 ἀπίθανος
2232 1073 2346 1155 ὧν,
2416 1072 2584 1161 πρὸς

364 1196 464 1250 103
501 1183 669 1249 οὕτω
717 1184 759 1223 ⁴*
803 1179 1057 1271 ψυχρὸν
1099 1179 1224 1267 τήν
1269 1178 1473 1271 ὀργῆν
1518 1180 1648 1248 Δία
1693 1177 2112 1269 θερμουργὸς
2157 1177 2327 1266 ἀνήρ
2370 1203 2583 1269 μεγα-

498 1283 963 1375 λαυχούμενος.
1036 1292 1176 1361 πῶς
1218 1283 1383 1376 γάρς
1431 1286 1608 1351 ὅπου
1647 1311 1723 1374 γε
1765 1283 2075 1371 καθάπερ
2108 1280 2244 1351 ὑπὸ
2274 1282 2581 1370 μανδρα-

364 1405 466 1460 104
498 1386 665 1480 γόρα
733 1388 1099 1470 καθεύδεις,
1173 1389 1247 1465 ὃς
1303 1388 1455 1456 οὔτε
1511 1396 1640 1456 τῶν
1696 1393 1739 1433 ⁴*
1794 1387 2275 1474 ἐπιορκούντων
2330 1385 2583 1463 ἀκούεις

500 1492 654 1561 οὔτε
709 1491 864 1569 τούς
911 1492 1298 1569 ἀδικοῦντας
1343 1498 1739 1573 ἐπισκοπεῖς,
1804 1495 2019 1582 λημᾷς
2063 1492 2134 1560 δὲ
2178 1493 2284 1559 καὶ
2329 1491 2583 1579 ἀμβλυ-

501 1595 716 1675 ώττεις
782 1596 950 1683 πρὸς
1013 1595 1094 1665 τά
1160 1594 1520 1687 γιγνόμενα
1587 1599 1695 1664 καὶ
1760 1596 1842 1665 τά
1911 1595 2042 1665 ὦτα
2110 1595 2575 1683 ἐκκεκώφωσαι,

499 1701 809 1789 καθάπερ
857 1706 919 1768 οἱ
962 1698 1442 1789 παρηβηκότες.
1536 1706 1599 1770 3.
1657 1703 1797 1769 ἐπεὶ
1840 1703 1989 1778 νέος
2029 1727 2103 1791 γε
2147 1704 2241 1769 ἔτι
2280 1702 2390 1768 καὶ
2435 1699 2581 1777 ὀξύ-

497 1814 723 1892 θυμος
798 1804 892 1874 ὢν
956 1807 1063 1873 καὶ
1132 1804 1414 1892 ἀκμαῖος
1479 1803 1605 1892 τὴν
1674 1804 1879 1897 ὀργῆν
1946 1805 2153 1874 πολλοὶ
2220 1803 2384 1873 κατὰ
2448 1811 2579 1873 τῶν

499 1909 738 1977 ἀδίκων
791 1910 897 1976 καὶ
954 1910 1184 1999 βιαίων
1231 1910 1470 1986 ἐποίεις
1512 1912 1619 1977 καὶ
1667 1910 1988 1979 οὐδέποτε
2029 1906 2182 2001 ἦγες
2223 1907 2373 1978 τότε
2416 1906 2581 1997 πρὸς

364 2028 463 2085 105
503 2012 744 2090 αὐτοὺς
788 2014 1148 2103 ἐκεχειρίαν,
1200 2013 1336 2080 ἀλλ’
1384 2014 1487 2082 ἀεὶ
1531 2013 1789 2105 ἐνεργὸς
1825 2016 1872 2059 ⁰³·
1903 2012 2169 2091 πάντως
2201 2014 2237 2082 ὁ
2270 2012 2581 2101 κεραυνὸς

498 2192 795 2244 τείνασθαι
846 2193 891 2242 0
939 2194 996 2245 et
1035 2209 1082 2245 v.
1241 2186 1426 2259 ὥσπερ
1473 2189 1586 2258 πῦρ
1639 2193 1702 2242 Ο.
1868 2187 2190 2261 ἀπολαύειν]
2241 2185 2579 2243 ἀπολαύσειν

500 2278 734 2333 Cobetus
768 2279 835 2333 V.
872 2279 934 2333 L.
971 2295 1023 2348 p.
1061 2280 1181 2334 222.
1253 2279 1311 2333 at
1344 2280 1407 2332 ut
1439 2280 1645 2333 taceam
1679 2278 1744 2333 de
1777 2276 1947 2332 forma
1977 2294 2083 2332 non
2114 2277 2294 2343 attica,
2328 2293 2577 2347 praesens

498 2381 806 2435 praegresso
845 2363 1311 2418 ἐπανατείνεσθαι
1344 2365 1535 2420 melius
1566 2365 1866 2436 respondet,
1898 2364 2070 2420 futuri
2102 2367 2280 2419 autem
2312 2364 2460 2419 notio
2493 2364 2578 2417 in-

500 2453 586 2506 est
616 2451 881 2506 infinitivo
918 2452 1160 2504 σῖεσθαι.
1304 2449 1646 2521 τραύματος]
1684 2449 2009 2521 πράγματος
2042 2452 2107 2506 Β.
2252 2446 2492 2520 ἀσβόλης
2516 2450 2578 2504 L.

639 2534 843 2604 ἕτολμα
877 2538 926 2593 A
964 2537 1065 2606 (ita
1094 2536 1183 2606 A),
1221 2534 1523 2607 ἐτόλμησεν
1564 2541 1627 2591 0.
1774 2536 1838 2591 ού
1875 2536 2053 2607 πάντη
2090 2536 2342 2594 AOPRN
2378 2540 2434 2592 et
2470 2535 2579 2592 for-

772 2658 785 2667 1
1016 2645 1048 2678 ῐ

497 2698 642 2749 tasse
682 2698 745 2756 Ψ,
789 2692 852 2746 οὗ
890 2694 1005 2749 πᾶν
1041 2647 1082 2746 a?
1108 2694 1194 2764 (τη
1234 2712 1396 2766 supra
1428 2712 1517 2751 reo
1552 2693 1628 2763 m)
1662 2697 1730 2759 Ω,
1784 2692 1847 2748 οὗ
1891 2692 2037 2747 πάνυ
2084 2712 2175 2747 τοι
2208 2714 2256 2750 v.
2332 2691 2395 2745 οὗ
2433 2691 2577 2746 πάνυ

497 2801 553 2834 τι
589 2797 686 2850 ego
721 2781 916 2852 scripsi
949 2798 1001 2852 p.
1041 2785 1072 2838 7
1110 2782 1191 2837 ed.
1228 2782 1382 2852 prim.
1420 2780 1649 2850 (contuli
1683 2785 1861 2837 autem
1892 2781 2105 2851 Nigrin.
2136 2787 2186 2849 9,
2220 2781 2473 2852 Necyom.
2497 2783 2578 2846 15,

498 2868 724 2923 Charon.
762 2871 845 2935 12,
879 2868 1003 2925 Jud.
1039 2870 1171 2924 Voo.
1209 2873 1257 2935 7,
1304 2870 1524 2925 Demon.
1567 2872 1632 2926 15
1668 2872 1726 2924 et
1756 2870 2003 2924 Bastium
2035 2869 2135 2939 Ep.
2172 2869 2304 2925 erit.
2341 2887 2395 2941 p.
2438 2868 2578 2938 116),

501 3029 557 3080 et
599 3027 725 3095 post
773 3041 857 3079 me
905 3024 1136 3080 Oobetus
1183 3025 1249 3081 V.
1287 3026 1350 3081 L.
1385 3043 1436 3096 p.
1473 3029 1594 3082 222.
1753 2952 2109 3094 θὶορἵδέὥιόςς
2150 3029 2209 3078 Ψ
2247 3041 2367 3080 eum
2408 3024 2575 3081 sohel.

498 3113 655 3167 V088.
692 3115 748 3166 et
779 3111 951 3167 PariS.
1112 3109 1254 3180 ἀνὴρ
1290 3109 1810 3182 μεγαλαυχούμεηος
1845 3112 2112 3175 ΡΑΟΨΩ,
2172 3110 2313 3181 ἀνὴρ
2350 3117 2445 3165 καὶ
2478 3131 2577 3181 με·

498 3194 936 3268 γαλαυχούμενος
978 3199 1030 3253 R
1075 3200 1133 3253 et
1175 3218 1223 3254 v.
1287 3198 1406 3265 „AL
1442 3199 1629 3252 καινά·
1678 3201 1763 3255 vel
1808 3201 1982 3255 solum
2027 3206 2121 3252 καὶ
2166 3199 2313 3254 dele“
2349 3199 2413 3254 Y.
2485 3199 2580 3270 qui

499 3283 664 3338 καινά
701 3285 941 3354 conjecit,
976 3285 1025 3339 is
1060 3285 1362 3340 trimetrum
1394 3279 1660 3356 tragielim
1694 3287 1958 3358 quaesivit
1993 3287 2154 3342 etiam
2186 3287 2253 3341 ab
2276 3287 2577 3341 Hermanno

499 3372 815 3442 expetitum:
852 3371 1207 3443 θερμουργὸς
1240 3372 1404 3443 ἁνὴρ,
1453 3373 1620 3427 καινὰ
1655 3371 2181 3445 μεγαλαυχούμενος.
2324 3368 2576 3441 μανδρα-

498 3457 643 3528 γόρᾳ
676 3459 806 3524 Lbe,
856 3455 1255 3529 μανδραγόρου
1299 3461 1504 3532 aliquot
1548 3461 1667 3517 edd.
1826 3458 2004 3529 λημᾷς
2050 3456 2112 3514 δὲ
2157 3458 2400 3515 ΡΒΑΨΟ
2439 3460 2497 3513 et
2529 3477 2579 3522 v,

500 3541 679 3612 λημᾷς
709 3544 816 3614 γὰρ
852 3546 964 3601 ΩΙι.
1125 3543 1487 3617 &apher-mc
1529 3553 1595 3601 Ψ.
1754 3546 2018 3617 γινόμενα
2052 3546 2417 3602 ΑΨΟΩΙιΡΒ.

501 3630 897 3701 ἐκκεκώφωσαι
929 3633 1030 3687 Ro
1067 3635 1125 3687 et
1155 3652 1189 3689 v
1220 3635 1477 3704 probante
1513 3634 1714 3689 Cobet-0
1748 3636 1816 3691 V.
1834 3636 1896 3690 L.
1926 3652 1979 3705 p.
1999 3637 2119 3691 222.
2194 3630 2579 3701 ἐκκεκώφησαι

500 3718 596 3775 ΡΑ
632 3722 688 3775 et
718 3718 945 3775 fortasse
984 3722 1096 3773 ΨΩ.

638 3810 688 3863 3.
759 3804 989 3876 ἐποίεις]
1026 3804 1250 3878 ἐπόρεις
1282 3807 1350 3864 Α.
1493 3806 1604 3861 ἀλλ’
1647 3806 1760 3878 ἀεὶ]
1799 3804 1938 3861 ἀλλὰ
1973 3802 2030 3861 εἶ
2062 3805 2229 3876 offla
2248 3806 2334 3876 Ο).
2476 3825 2576 3859 πε-

500 3888 713 3961 τρηδόν
766 3892 860 3946 ἵνα
909 3895 1112 3950 ΟΨΩΒ
1161 3896 1419 3965 probante
1466 3895 1929 3951 SommerbrodtiO.
2012 3890 2298 3963 πετρηδόν
2341 3898 2436 3945 καὶ
2483 3891 2577 3946 ἰ’να

500 3979 597 4037 PA
633 3982 688 4035 et
719 3999 766 4036 v.
904 4001 965 4036 τε
1002 3977 1287 4052 ῥαγδαῖοι]
1322 4001 1383 4036 τε
1418 3983 1526 4053 γὰρ
1566 3979 1833 4054 ῥαγδαῖοι
1864 3982 1929 4045 P,
1976 3976 2242 4052 ῥαγδαῖοι
2273 3981 2340 4035 R.
2484 3984 2578 4031 καὶ

501 4066 705 4137 βίαιοι]
750 4068 882 4124 haee
925 4069 1042 4139 ipse
1087 4069 1356 4125 Lucienus
1404 4069 1557 4124 addit
1600 4070 1747 4124 velut
1789 4068 2176 4139 interpretandi
2209 4083 2384 4133 eausa,
2437 4067 2579 4122 sieut

501 4156 832 4225 grammatici
875 4155 1104 4211 Photius
1150 4174 1204 4227 p.
1241 4159 1361 4224 480,
1395 4158 1461 4214 21
1510 4159 1568 4212 et
1601 4157 1792 4212 Suidae
1840 4151 2141 4227 ῥαγδαίους
2174 4155 2441 4225 explicant
2481 4169 2579 4224 per

501 4247 595 4294 καὶ
630 4245 865 4312 βιαίους.
938 4242 1006 4297 de
1041 4245 1262 4299 caeteris
1307 4260 1427 4299 eum
1469 4244 1893 4310 Hemsterhusio,
1940 4244 2035 4314 qui
2079 4260 2108 4298 e
2140 4242 2416 4312 tragoedia
2445 4241 2579 4295 haee

500 4329 673 4400 petita
704 4329 876 4385 voluit
907 4328 989 4384 ita.
1020 4331 1309 4397 eonsentiO,
1351 4333 1416 4385 ut
1447 4333 1628 4385 tamen
1660 4331 1830 4401 magis
1876 4328 2056 4386 videar
2088 4328 2399 4386 Antimaehi
2439 4327 2577 4398 epiei
