3099 5241
568 408 656 472 44
1381 412 1840 463 AOYKIANOT

567 579 682 656 ἔξω
748 588 865 647 τοῦ
937 580 1216 665 στομίου
1274 588 1547 648 ἑστῶσιν
1615 584 1897 648 ἐθέλων·
1968 583 2106 649 ἐπεὶ
2168 583 2238 649 δὲ
2294 576 2653 665 κατέκυψεν

568 687 716 749 εἴσω
772 692 889 750 τοῦ
948 682 1284 772 χάσματος
1342 687 1446 750 καὶ
1504 685 1634 752 εἶδε
1688 686 1802 753 τὸν
1867 684 2089 770 ζὸτῙον,
2151 685 2321 774 κάγώ
2369 687 2463 753 ἔτι
2507 688 2651 754 δια-

565 790 885 874 μέλλοντα
935 787 1135 857 αὗτόν
1184 789 1397 856 δακών
1441 800 1525 870 τῷ
1567 792 1801 879 κωνείῳ
1848 792 2225 858 κατέσπασα
2263 800 2378 857 τοῦ
2415 790 2644 870 ποδὸς,

568 894 783 977 ὥσπερ
837 891 918 959 τὰ
973 896 1182 980 βρέφη
1241 894 1470 960 ἐκώκυε
1527 898 1631 960 καί
1677 895 1755 961 τὰ
1804 903 2040 963 ἑαυτοῦ
2088 896 2321 961 παιδία
2371 894 2646 981 ὠδύρετο

568 1074 866 1137 προσιέναι
921 1075 1013 1122 καὶ
1067 1069 1144 1122 ita
1196 1085 1331 1123 usus
1386 1086 1525 1138 sum,
1580 1072 1644 1124 ut
1695 1071 1813 1139 ipse
1869 1075 2120 1125 κατιέναι
2178 1078 2269 1124 καὶ
2323 1069 2647 1126 conicerem:

563 1155 848 1227 προσώπῳ
886 1159 1135 1209 κατιέναι
1161 1167 1251 1209 καὶ
1290 1159 1636 1225 προσίεσθαι
1671 1159 1771 1210 τὸν
1797 1157 2049 1212 θάνατον
2074 1189 2156 1211 —.
2210 1174 2332 1212 nam
2356 1162 2651 1226 προσιέναι

564 1243 689 1297 ferri
739 1243 928 1313 nequit
975 1244 1290 1312 praesertim
1336 1245 1458 1298 ante
1494 1243 1659 1297 verba
1707 1252 1798 1297 καὶ
1849 1250 2212 1314 προσίεσθαι,
2264 1244 2359 1299 sed
2396 1259 2529 1313 opus
2565 1245 2650 1298 est

567 1330 728 1384 verbo
765 1335 1036 1392 κατιέναι,
1078 1330 1219 1399 quod
1255 1330 1310 1384 et
1344 1347 1506 1400 supra
1541 1333 1573 1399 ξ
1610 1324 1669 1389 ’1;
1721 1331 1893 1385 ὁπότε
1940 1332 2135 1407 κατῄει
2180 1331 2381 1399 legitur
2414 1334 2469 1384 et
2513 1331 2651 1385 infra

566 1420 596 1487 ἓ
632 1424 693 1475 2;
746 1415 1200 1486 κατεληλυθέναι.
1265 1423 1452 1487 (prope
1488 1419 1554 1472 ab
1590 1435 1719 1474 vero
1757 1420 1908 1473 abest
1943 1417 2274 1472 Schmiederi
2322 1419 2649 1486 conjectura:

563 1503 847 1573 προσώπῳ
876 1508 1169 1574 προσιέναι
1207 1513 1297 1557 καὶ
1332 1510 1678 1574 προσίεσθαι
1701 1507 1799 1559 τὸν
1823 1506 2113 1574 θάνατον).
2278 1506 2376 1559 τὸν
2400 1505 2651 1558 θάνατον

568 1589 751 1645 δοκῶν
784 1590 912 1646 libri
948 1607 1150 1659 omneS‚
1197 1592 1427 1646 absurda
1461 1593 1555 1646 sed
1592 1596 1770 1647 vetere
1806 1610 1991 1647 eorum
2042 1588 2359 1661 conjectura,
2409 1591 2504 1660 qui
2552 1608 2647 1659 pro

564 1694 691 1733 vero
732 1682 1075 1747 προσίεσθαι
1122 1678 1354 1747 glossam
1403 1679 1466 1732 οὐ
1517 1679 1664 1732 πάνυ
1718 1678 1965 1735 δεδιέναι
2014 1678 2262 1748 legerant,
2334 1678 2382 1731 J.
2420 1679 2478 1732 F.
2518 1678 2648 1731 Gro-

564 1764 762 1820 novius
811 1767 868 1819 et
912 1764 968 1819 Τ.
1011 1764 1456 1819 Hemsterhusius
1492 1783 1544 1819 v.
1598 1764 1782 1819 δοκῶν
1823 1767 2134 1836 judicarunt
2180 1765 2466 1819 delendum
2511 1780 2650 1819 esse.

563 1853 620 1905 at
653 1868 761 1905 non
797 1851 1014 1905 videtur
1058 1850 1175 1904 fieri
1224 1866 1399 1920 posse,
1447 1854 1513 1906 ut
1560 1853 1705 1907 istuc
1757 1852 1939 1908 δοκῶν
1976 1853 2225 1908 omnibus
2262 1851 2414 1906 codd.
2451 1853 2649 1904 temere

565 1937 775 1991 illatum
823 1937 912 1991 sit.
985 1937 1150 1990 immo
1196 1937 1361 1991 medii
1409 1940 1528 1993 aevi
1579 1941 1905 2009 conjectores
1952 1939 2150 2009 pariter
2197 1940 2354 2008 atque
2401 1937 2648 1992 hodierni

564 2024 841 2079 literarum
886 2027 941 2078 et
987 2025 1252 2079 ductuum
1300 2025 1717 2082 similitudinem
1765 2028 1920 2098 sequi
1968 2028 2299 2081 consuerant.
2383 2041 2506 2093 ergo
2552 2040 2648 2093 pro

565 2116 824 2166 ΔΟΚΩΝ
855 2111 1001 2166 aliud
1039 2112 1170 2182 quid
1206 2113 1567 2181 indagandum
1602 2117 1702 2184 est,
1741 2115 1883 2185 quod
1918 2114 2089 2183 primo
2125 2114 2191 2167 ad
2236 2112 2420 2165 literas
2470 2110 2649 2165 simile

567 2199 656 2268 sit,
694 2200 812 2252 tum
849 2216 975 2254 voro
1012 2200 1089 2253 ita
1124 2201 1503 2269 comparatum,
1540 2204 1603 2255 ut
1639 2220 1700 2257 eo
1738 2202 1988 2257 restituto
2035 2200 2294 2254 librorum
2330 2199 2650 2267 scripturam

568 2284 780 2339 ε’θέλων
805 2296 1016 2342 servare
1038 2286 1213 2341 liceat.
1263 2288 1321 2341 id
1346 2304 1474 2342 vero
1500 2288 1806 2342 duumviris
1830 2289 1943 2342 illis
1968 2305 2072 2341 non
2099 2286 2341 2354 contigit,
2367 2285 2462 2355 qui
2486 2285 2649 2339 verbo

569 2372 752 2426 δοκῶν
786 2375 982 2428 temere
1019 2374 1245 2444 expulso
1290 2375 1453 2429 etiam
1502 2375 1714 2429 ἐθέλων
1750 2375 1839 2429 vel
1875 2377 1932 2428 in
1972 2374 2189 2429 ἐθέλειν
2223 2373 2311 2427 vel
2347 2374 2404 2427 in
2442 2371 2650 2440 ἤθελεν

564 2461 679 2529 pari
697 2461 995 2515 temeritate
1014 2462 1218 2516 mutare
1238 2460 1409 2516 coacti
1429 2465 1572 2516 sunt.
1629 2461 1860 2531 denique
1878 2461 2087 2515 Bekker
2105 2462 2355 2530 probante
2374 2460 2648 2514 Dindorfio

564 2548 818 2616 conjecit:
857 2547 1108 2622 ἀτρέπτῳ
1147 2550 1220 2616 τῷ
1258 2548 1540 2619 προσώπῳ
1580 2554 1925 2618 προσίεσθαι
1961 2551 2058 2602 τὸν
2099 2549 2347 2602 θάνατον
2383 2547 2522 2600 ἑκὼν
2557 2577 2643 2608 --,

566 2651 715 2704 quae¹
745 2635 848 2690 hoc
897 2637 1052 2691 modo
1104 2636 1355 2705 conjungi
1399 2653 1506 2690 non
1560 2653 1717 2705 posse
1771 2639 1977 2691 certum
2031 2638 2126 2700 est,
2182 2636 2291 2689 nisi
2351 2635 2436 2706 (ut
2490 2651 2650 2703 supra

565 2720 800 2793 ostendi)
846 2724 968 2791 post
1014 2722 1299 2792 προσώπῳ
1348 2722 1510 2777 verba
1560 2728 1808 2777 κατιέναι
1858 2733 1949 2776 καὶ
1995 2723 2195 2776 inserta
2240 2722 2455 2776 fuerint.
2542 2737 2647 2789 quo

563 2810 700 2864 facto
739 2809 950 2879 egregia
985 2811 1040 2863 et
1062 2809 1312 2879 palmaris
1337 2811 1421 2863 est
1445 2810 1675 2864 Bekkeri
1700 2810 2000 2864 emendatio
2024 2814 2228 2864 ΕΚΩΝ
2254 2826 2346 2877 pro
2373 2813 2644 2871 aotam,

564 2897 877 2965 praesertim
928 2913 1096 2966 quum
1131 2897 1213 2950 sic
1253 2895 1465 2950 ἐθέλων
1502 2896 1702 2965 optime
1738 2897 1928 2951 habeat
1961 2913 2059 2950 nec
2096 2898 2293 2950 temero
2329 2897 2646 2951 mutandum

564 2983 652 3037 sit.
725 3001 822 3052 ego
872 3001 997 3038 vero
1044 2982 1273 3038 Bekkeri
1323 2983 1460 3038 illud
1521 2984 1662 3036 ε’κῶν
1709 3000 1771 3038 eo
1819 2984 1990 3053 magis
2036 2985 2227 3053 probe,
2279 3001 2383 3053 quo
2433 2984 2647 3053 saepius

564 3071 691 3125 alibi
745 3074 947 3126 exstat:
999 3071 1139 3124 ε’κῶν
1185 3093 1239 3124 τι
1285 3075 1599 3141 προσίεται.
1675 3070 1800 3125 vide
1849 3072 1928 3125 sis
1976 3071 2063 3124 vel
2110 3071 2175 3124 D.
2215 3070 2373 3126 Mort.
2410 3077 2443 3129 8
2479 3071 2646 3123 med.:

567 3159 666 3210 m'rx
726 3156 915 3224 ἀηδῶς
969 3160 1070 3224 τὴν
1120 3162 1439 3226 θεραπείαν
1492 3164 1779 3228 προσίετο.
1856 3160 1922 3212 of.
1971 3159 2132 3212 etiam
2181 3159 2316 3211 infra
2363 3160 2489 3226 §22
2547 3158 2647 3209 οὐκ

568 3245 716 3300 ἄκων
742 3275 824 3298 --.
989 3246 1131 3299 τοῦτ’
1174 3246 1382 3304 219109
1406 3250 1461 3301 et
1485 3266 1537 3316 v,
1573 3250 1738 3300 τοῦτο
1772 3246 1981 3301 ΒΦΑΓ.
2147 3247 2377 3299 ἑστῶσιν
2415 3244 2646 3314 ἐθέλων]

566 3335 767 3386 sonam
802 3332 988 3386 θέλων
1024 3333 1088 3390 ⁸21.
1267 3333 1386 3387 ἐπεὶ
1428 3328 1507 3405 δὲ]
1551 3333 1743 3402 ἐπειδὴ
1789 3332 1847 3388 δί·
1886 3334 1951 3401 521,
2004 3333 2196 3402 ἐπειδὴ
2237 3334 2295 3388 F.
2473 3331 2647 3402 κάγώ]

2602 3441 2644 3471 ω

564 3498 653 3543 καὶ
694 3489 795 3560 ε’γώ
837 3489 901 3548 21.
1083 3489 1252 3543 αὑτὸν
1288 3507 1375 3544 om
1411 3491 1477 3549 Ἡ.
1656 3494 1730 3560 τῷ
1771 3492 2001 3561 κωνείῳ]
2049 3496 2123 3560 τῷ
2163 3496 2339 3558 nvn-lq}
2377 3489 2494 3550 ΒΟ,
2547 3511 2645 3542 του

738 3598 780 3630 ω
1872 3629 1879 3636 .

564 3669 796 3702 κωνεισυ
833 3652 899 3700 Ω.
1082 3646 1269 3701 δακὼν
1302 3649 1377 3715 τῷ
1417 3649 1650 3718 κωνείῳ]
1684 3649 1814 3703 haec
1842 3648 2001 3702 verba
2036 3649 2329 3702 cohaerent.
2387 3646 2646 3702 Cerberus

564 3736 708 3808 (sive
744 3738 807 3791 ut
851 3736 911 3789 in
945 3735 1168 3790 Demon.
1205 3739 1275 3793 45
1312 3734 1543 3807 Charon)
1593 3737 1831 3791 mordere
1881 3737 2082 3790 dicitur
2128 3735 2472 3789 moribundos
2522 3735 2558 3787 i.
2597 3752 2643 3788 e.

562 3823 697 3878 mori
735 3840 936 3893 cogere.
1008 3839 1131 3891 ergo
1169 3822 1438 3877 Socratem
1483 3824 1664 3878 cicuta
1709 3825 1980 3878 mortuum
2027 3840 2134 3876 non
2172 3824 2329 3876 dente
2367 3822 2453 3893 (ut
2487 3821 2645 3893 alios)

563 3913 849 3967 momordit
894 3912 988 3966 sed
1037 3911 1227 3965 cicuta.
1300 3912 1424 3966 talis
1473 3913 1758 3966 verborum
1805 3911 1960 3965 lusus
2008 3913 2254 3980 frequens
2304 3913 2388 3964 est
2434 3911 2645 3965 Aristo-

2168 4049 2173 4053 .
2294 4020 2391 4052 ἴου
2588 4025 2618 4053 υ

562 4069 744 4138 phani,
799 4070 941 4139 quod
978 4070 1292 4125 Diibnerum
1327 4088 1378 4140 p.
1419 4075 1485 4128 16
1530 4086 1638 4123 non
1685 4069 1839 4138 fugit.
1913 4072 2011 4122 τοῦ
2054 4067 2249 4139 ποδὸς]
2296 4072 2425 4126 τοὺς
2469 4023 2648 4129 πόδαῑ

565 4163 619 4210 ψ
654 4157 857 4226 (omnia
890 4173 955 4226 pr
988 4155 1082 4228 m).
1264 4157 1474 4228 ὥσπερ]
1515 4158 1543 4211 ὁ
1586 4156 1640 4211 δ’
1684 4156 1870 4225 ῶσπερ
1909 4164 1958 4211 Δ
1993 4156 2157 4223 solus,
2194 4157 2417 4225 pulchro
2453 4175 2643 4214 anaco-

561 4245 732 4312 latim,
770 4245 913 4314 quod
949 4243 1079 4299 olim
1114 4247 1169 4298 et
1203 4245 1545 4299 Lehmannus
1582 4247 1637 4298 et
1671 4262 1767 4313 ego
1816 4243 2176 4313 probavimuS,
2226 4244 2437 4300 Bekker
2481 4247 2645 4300 etiam

561 4332 780 4402 recepit.
849 4333 1073 4385 trustra:
1120 4348 1246 4385 nam
1294 4348 1438 4400 ‚aves
1486 4349 1593 4387 non
1637 4331 1929 4386 addicunt&
2125 4328 2349 4405 ε’κῶκυε]
2411 4333 2648 4387 ε’κῶκυεν

567 4425 634 4472 Φ.
818 4420 1054 4490 ἐγίγνετο
1093 4419 1418 4488 Dindorfius‚
1459 4420 1664 4491 ἐγίνετο
1705 4418 1969 4486 ῊΨΩΑΕ,
2010 4418 2220 4489 ἐγένετο
2258 4419 2425 4476 ΒΟΦ·
2449 4422 2505 4473 et
2538 4438 2590 4474 v.
