3099 5241
1310 412 1681 511 SOSTRATo.
2329 417 2547 477 XLVII

452 584 661 671 ipsius
708 586 994 654 dilaudat
1034 589 1103 655 in
1151 587 1544 655 Demonacte
1588 592 1706 659 33:
1764 586 1845 661 τὰ
1903 596 2179 657 τοιαῦτα
2234 597 2541 676 μελετᾶν.

455 688 606 755 Fuit
651 692 824 756 enim
866 692 1156 759 Herodes
1203 695 1486 779 sophista
1531 700 1789 762 auctore
1832 696 2215 763 Philostrato
2247 697 2327 763 V.
2362 698 2425 765 S.
2457 699 2548 783 ΙΙ,

462 795 521 876 1,
555 795 639 863 14
684 816 746 880 p.
779 797 911 862 564
952 796 1064 863 fin.
1103 803 1283 865 tanta
1323 800 1711 885 eloquentia,
1758 806 1834 866 ut
1864 801 2166 867 Graeciae
2209 804 2549 871 universae

449 900 697 983 judicio
756 897 845 975 εἷς
904 909 1030 966 τῶν
1091 898 1133 965 ι’
1197 907 1526 987 νεωτέρων
1586 925 1726 972 esse
1769 894 2122 990 putaretur,
2184 907 2262 975 de
2308 907 2548 992 quibus

457 1005 759 1089 sophistis
816 1007 897 1071 ad
950 1008 993 1071 l.
1051 1006 1150 1073 De
1209 1008 1425 1073 Saltat.
1488 1009 1530 1094 ξ
1575 1011 1659 1076 69
1715 1010 1904 1095 plura
1963 1011 2273 1077 dicentur.
2384 1011 2549 1081 Tum

458 1110 582 1173 alia
643 1130 903 1195 quoque
970 1118 1216 1197 praeter
1282 1114 1716 1198 eloquentiam
1781 1115 1882 1180 his
1949 1115 2310 1181 duumviris
2376 1136 2549 1184 com-

457 1216 683 1282 munia
725 1216 1009 1281 fuerunt.
1100 1216 1267 1281 Nam
1313 1223 1377 1282 et
1420 1217 1710 1284 Herodes
1769 1219 1849 1283 ab
1906 1219 2136 1284 Stoicis
2196 1220 2546 1307 abhorruit,
2621 1294 2634 1304 ,

454 1326 528 1384 ut
572 1340 657 1387 ex
702 1320 787 1384 A.-
832 1320 1034 1386 Gellio
1082 1322 1186 1403 19,
1234 1324 1317 1389 12
1376 1323 1651 1407 aliisque
1722 1323 1981 1389 indiciis
2048 1323 2413 1409 conligitur,
2480 1331 2545 1393 et

456 1422 787 1490 Lucianus
833 1427 948 1510 qui
992 1445 1100 1490 eos
1130 1426 1255 1490 sibi
1284 1427 1428 1492 odio
1460 1447 1601 1493 esse
1628 1428 1700 1493 in
1728 1427 2106 1499 Hermotim.
2140 1427 2225 1492 85
2264 1431 2547 1514 negavit,
2603 1460 2616 1497 :

456 1534 675 1595 tamen
722 1530 977 1594 eosdem
1016 1530 1272 1596 videtur
1314 1532 1555 1598 odisse:
1604 1552 1720 1596 cur
1762 1533 1937 1597 enim
1980 1532 2096 1597 hos
2140 1533 2548 1616 potissimum

458 1639 590 1700 tam
635 1654 824 1719 saepe
869 1641 933 1699 et
974 1641 1105 1699 tam
1151 1635 1375 1701 acerbe
1417 1638 1773 1702 insectatus
1829 1636 1971 1701 est?
2055 1635 2187 1702 Sed
2247 1640 2550 1736 extremis

459 1741 648 1805 annis
706 1739 786 1803 ab
843 1758 995 1804 sene
1050 1738 1307 1806 Herode
1364 1740 1638 1806 Luciani
1681 1741 1981 1807 voluntas
2035 1743 2241 1826 magis
2296 1743 2551 1811 videtur

458 1844 816 1909 abalienata
870 1845 1088 1911 fuisse.
1181 1844 1362 1911 Certe
1419 1848 1484 1911 in
1535 1844 1803 1915 Demon.
1855 1848 1884 1910 1
1938 1846 2067 1912 duo
2122 1853 2376 1913 tantum
2432 1869 2554 1915 sua

459 1954 661 2017 aetate
704 1950 880 2014 viros
920 1952 1230 2017 memoria
1274 1951 1504 2035 dignos
1549 1952 1639 2015 ait
1682 1951 2025 2033 exstitisse,
2086 1951 2444 2018 Sostratum
2486 1957 2552 2017 et
2657 1936 2666 1947 ’

459 2052 946 2119 Demonactem:
986 2053 1310 2120 Herodem
1340 2075 1513 2139 vem,
1546 2056 1662 2140 qui
1691 2056 1793 2118 vir
1822 2060 2097 2139 utroque
2129 2056 2270 2121 sine
2301 2062 2549 2122 contro·

459 2160 671 2247 versia
701 2161 1117 2244 praestantior
1146 2160 1295 2243 fuit,
1337 2159 1463 2224 alto
1493 2160 1917 2244 praetermisit
1946 2160 2217 2225 silentio.
2289 2160 2549 2227 Etenim

465 2264 630 2329 duae
675 2270 835 2330 tunc
876 2265 1151 2330 Athenis
1194 2265 1504 2329 factiones
1548 2264 1835 2346 fuerunt,
1899 2272 2173 2349 quarum
2217 2264 2414 2334 altera
2468 2265 2549 2331 ab

459 2368 738 2435 Herodis
782 2370 1071 2454 partibus
1118 2374 1332 2451 staret,
1378 2369 1574 2435 altera
1617 2367 1865 2435 Herodi
1925 2368 2154 2435 soleret
2208 2369 2548 2439 adversari.

463 2471 721 2549 Quanta
777 2481 993 2540 autem
1044 2474 1390 2540 acerbitate
1446 2473 1570 2539 hae
1611 2474 1781 2539 inter
1823 2478 2167 2557 utramque
2209 2474 2550 2541 factionem

463 2578 904 2645 contentiones
959 2580 1231 2664 agitatae
1264 2580 1436 2663 sint,
1499 2598 1705 2663 quum
1762 2598 1798 2644 e
1837 2577 2222 2673 Philostrato
2267 2577 2360 2663 Π,
2405 2580 2438 2646 1
2487 2584 2552 2647 et

460 2681 549 2766 113
595 2686 659 2766 2,
690 2689 846 2749 tum
890 2704 926 2749 e
970 2684 1288 2750 Frontone
1331 2705 1394 2770 p.
1427 2684 1686 2754 63—67
1735 2689 1798 2748 et
1840 2704 1903 2768 p.
1942 2683 2067 2748 166
2113 2683 2270 2765 (sive
2300 2705 2363 2770 p.
2402 2686 2550 2768 194)

463 2789 562 2854 ed.
607 2789 793 2855 Rom.
842 2791 998 2855 satis
1043 2808 1367 2874 superque
1411 2795 1689 2873 apparet.
1795 2788 1970 2865 Quin
2016 2789 2211 2854 etiam
2251 2790 2552 2856 nonnulli

464 2895 578 2977 qui
633 2894 712 2958 ab
770 2894 1026 2961 Herode
1083 2899 1323 2959 starent
1379 2912 1587 2978 poena
1640 2893 1849 2958 affecti
1904 2897 2080 2975 sunt,
2136 2894 2232 2956 uti
2293 2892 2551 2960 Marcus

460 3000 802 3083 imperator
853 3002 924 3063 in
983 2999 1184 3064 literis
1244 2998 1326 3063 ad
1369 2996 1694 3062 Herodem
1741 2997 1904 3062 datis
1949 3018 2047 3082 ap.
2094 2995 2552 3063 Philostratum

460 3102 549 3186 H,
584 3105 619 3172 1
653 3123 705 3167 c.
745 3106 826 3171 12
855 3105 995 3188 ipse
1022 3108 1306 3169 testatur.
1395 3102 1644 3187 Nempe
1670 3101 1963 3172 Herodes
1999 3108 2139 3166 tum
2186 3102 2554 3183 tyrannidis

465 3208 789 3274 affectatae
832 3214 1169 3273 accusatus
1216 3212 1381 3276 erat:
1433 3208 1547 3291 qui
1580 3208 1877 3291 quamvis
1920 3207 2061 3290 ipse
2100 3205 2551 3289 absolveretur,

463 3320 677 3380 tamen
729 3315 801 3378 in
858 3314 1082 3379 amicis
1142 3313 1474 3398 eligendis,
1533 3331 1809 3396 qnorum
1866 3331 2014 3397 pars
2069 3329 2312 3395 poenas
2357 3311 2554 3395 dedit,

463 3437 665 3484 senex
722 3438 956 3504 parum
1012 3423 1198 3484 caute
1257 3417 1515 3483 videtur
1571 3421 1863 3482 versatus
1922 3434 2081 3481 esse.
2185 3414 2363 3482 Hinc
2418 3415 2551 3484 Lu-

465 3526 726 3608 cianuS,
800 3525 908 3608 qui
972 3523 1345 3608 imperatori
1412 3541 1495 3620 e}
1563 3523 1778 3588 animo
1847 3520 2102 3588 deditus
2166 3520 2292 3586 fuit
2358 3525 2552 3606 atque

464 3648 713 3720 semper
751 3631 822 3694 in
854 3647 929 3693 ea
969 3648 1040 3694 re
1084 3628 1213 3694 sibi
1243 3628 1547 3710 constitit,
1593 3646 1727 3692 non
1770 3625 1978 3709 potuit
2020 3645 2154 3690 non
2186 3625 2264 3690 ab
2295 3625 2553 3692 Herode

463 3738 603 3798 tum
664 3734 927 3818 quidem
995 3733 1320 3798 dissidere
1433 3731 1540 3796 Sic
1597 3728 1929 3798 Lucianus
1994 3731 2297 3796 acerrime
2362 3729 2553 3796 Pere-

463 3839 723 3922 grinum
769 3836 888 3920 (De
932 3835 1137 3903 Morte
1181 3836 1435 3921 Peregr
1484 3838 1524 3919 ἓ
1573 3837 1675 3917 19)
1723 3835 2079 3919 castigavit,
2137 3835 2309 3918 quod
2372 3829 2554 3910 ,τούς

450 3943 766 4025 ’Ἑλληνας
825 3939 1094 4007 ἔπειθεν
1163 3936 1585 4024 ἀντάρασθαι
1651 3939 1824 4004 ὅπλα
1877 3936 2278 4022 ‘Pwptoec'oacss
2355 3958 2553 4023 quam

463 4066 599 4114 rem
643 4049 1020 4133 interpretes
1076 4066 1211 4112 non
1253 4029 1559 4114 v'iderunt
1612 4049 1923 4129 regnante
1976 4045 2169 4112 etiam
2226 4050 2368 4110 tum
2412 4044 2552 4110 An·

466 4154 689 4220 tonino
733 4151 855 4217 Pio
913 4152 1240 4217 accidisse.
1331 4153 1580 4218 Auctor
1642 4150 1802 4216 mihi
1867 4153 1963 4214 est
2019 4147 2418 4234 Capitolinus
2480 4149 2553 4213 in

467 4258 800 4324 Antonino
867 4255 987 4321 Pio
1055 4276 1108 4321 c.
1154 4256 1197 4321 5
1259 4256 1409 4322 fin.:
1458 4257 1599 4339 „in
1665 4254 1982 4337 Achaja
2045 4254 2294 4318 etiam
2356 4255 2553 4335 atque

468 4363 766 4449 Aegypto
825 4362 1204 4428 rebelliones
1257 4361 1599 4445 repressit‘.
1704 4358 1928 4423 Alium
1984 4356 2258 4428 Luciani
2313 4357 2550 4441 locum,
