3099 5241
1333 416 1836 473 PEDESTRIBUS.
2500 417 2627 471 CIII

532 595 691 659 alios
758 598 974 661 autem
1041 599 1116 659 ut
1181 594 1529 660 Christium
1594 595 1665 658 in
1723 593 1764 657 1.
1813 592 2046 658 Metrik
2104 614 2167 678 p.
2216 594 2322 676 81,
2366 613 2427 677 p.
2476 593 2623 675 114,

532 718 593 783 p.
658 699 791 765 423
850 719 990 784 sqq.
1070 698 1338 764 mirifice
1423 698 1702 763 vexavit.
1834 697 2130 764 Ceterum
2207 697 2624 762 Hermannus

534 803 833 868 metricae
921 804 1075 868 artis
1148 805 1475 868 restitutor
1548 820 1797 885 semper
1876 804 2217 886 paeonicos
2288 821 2516 867 versus
2587 822 2624 865 a

532 907 782 972 creticis
826 908 1063 992 optime
1109 910 1441 974 discrevit:
1502 912 1790 972 recentes
1848 911 2063 971 autem
2116 907 2461 989 rhythmici
2517 906 2622 970 hic

533 1031 792 1095 quoque
844 1012 913 1076 id
976 1018 1197 1099 agunt,
1258 1017 1332 1078 ut
1392 1014 1686 1096 utrisque
1739 1030 1998 1075 rursum
2060 1011 2347 1075 confusis
2405 1012 2622 1074 onmia

532 1117 941 1181 misceantur.
1091 1118 1217 1182 Sed
1324 1137 1530 1201 quum
1628 1116 2139 1197 Thrasymachus
2237 1117 2618 1200 paeonicum

528 1239 873 1286 numerum
918 1222 999 1287 ab
1045 1242 1113 1287 se
1157 1224 1497 1287 inventum
1543 1240 1699 1285 mox
1740 1222 2038 1305 plurimis
2083 1225 2146 1284 et
2201 1221 2326 1304 ipsi
2388 1220 2619 1304 partim

528 1324 857 1390 Aristoteli
903 1327 1257 1411 probasset:
1315 1328 1641 1391 rhetorum
1685 1327 1935 1390 animos
1977 1326 2098 1388 hoc
2156 1343 2401 1408 paeone
2458 1324 2617 1388 adeo

526 1428 838 1514 implevit,
883 1435 959 1496 ut
1001 1450 1152 1496 eum
1182 1433 1370 1516 quasi
1415 1432 1847 1496 necessarium
1892 1431 1962 1493 in
1995 1430 2276 1493 oratione
2321 1434 2384 1494 et
2412 1448 2616 1512 paene

530 1540 1009 1601 sacrosanctum
1054 1537 1316 1601 adorare
1344 1537 1738 1601 viderentur.
1827 1535 1927 1599 Ita
1970 1533 2382 1619 (Demetrius)
2429 1534 2615 1596 homo

527 1641 894 1724 caeteroqui
962 1642 1251 1725 prudens
1310 1660 1523 1724 neque
1582 1639 1884 1705 indoctus
1944 1640 2022 1703 de
2080 1640 2341 1724 paeonis
2399 1642 2614 1701 tamen

526 1761 653 1808 usu
743 1745 947 1809 multa
1030 1746 1287 1829 scripsit
1372 1745 1626 1809 inficete
1701 1743 1820 1825 (De
1892 1744 2142 1808 Elocut.
2212 1762 2265 1806 c.
2335 1742 2610 1808 38—41

525 1846 682 1928 fin.).
818 1847 1053 1914 Contra
1137 1850 1512 1915 Aristoteles
1601 1850 1722 1914 etsi
1820 1848 2076 1915 nullum
2161 1848 2232 1910 in
2332 1847 2613 1911 oratione

523 1951 651 2015 nisi
739 1953 1123 2036 paeonicum
1211 1974 1558 2019 numerum
1644 1953 1969 2037 probavit:
2069 1956 2283 2016 tamen
2372 1970 2455 2014 ne
2541 1951 2613 2013 in

522 2055 718 2136 hujus
809 2057 1070 2141 quidem
1157 2058 1410 2122 numeri
1501 2057 1756 2122 laudem
1845 2058 2088 2122 effusus
2185 2061 2317 2138 est,
2420 2075 2612 2138 quem

523 2160 751 2224 orienti
816 2166 1068 2226 tantum
1136 2167 1199 2226 et
1265 2162 1518 2227 cadenti
1587 2163 1937 2227 sententiae
2003 2165 2223 2244 aptum
2293 2178 2432 2224 esse
2504 2161 2610 2241 ju-

522 2264 692 2329 dicat
752 2264 1024 2345 (Rhetor.
1072 2265 1198 2349 III,
1244 2267 1329 2351 8).
1423 2266 1688 2331 Falsum
1747 2271 1843 2332 est
1895 2266 2115 2348 igitur,
2172 2264 2347 2348 quod
2393 2263 2608 2327 Cicero

518 2368 591 2431 in
638 2367 900 2435 Oratore
954 2389 1006 2433 c.
1057 2372 1141 2436 64
1187 2371 1437 2436 scribit:
1508 2376 1624 2453 ,est
1682 2372 1966 2454 quidem,
2024 2375 2100 2434 ut
2162 2370 2329 2432 inter
2385 2387 2609 2431 omnes

522 2458 770 2537 constat
813 2476 1135 2560 antiquoS,
1192 2475 1604 2540 Aristotelem
1645 2474 2149 2560 Theophrastum
2192 2472 2608 2537 Theodectem

520 2576 852 2662 Ephorum
914 2580 1164 2667 (paean)
1219 2599 1395 2646 unus
1454 2581 1847 2665 aptissumus
1902 2578 2174 2644 orationi
2220 2576 2322 2641 vel
2378 2575 2607 2641 orienti

518 2683 647 2747 vel
704 2683 1050 2765 mediae:
1120 2691 1350 2770 putant
1390 2687 1486 2750 illi
1532 2687 1725 2750 etiam
1769 2685 2022 2750 cadenti
2068 2684 2169 2731 —‘
2228 2702 2351 2746 nec
2395 2681 2604 2745 solum

520 2785 597 2851 de
626 2786 971 2867 Aristotele
1013 2789 1248 2855 falsum
1293 2792 1805 2856 additamentum
1850 2794 1947 2855 est
1993 2789 2113 2872 ,vel
2156 2786 2447 2867 mediae‘,
2492 2784 2604 2849 sed

516 2891 708 2955 etiam
764 2891 842 2956 de
885 2893 1311 2978 Theophrasto
1356 2900 1421 2960 et
1460 2894 1829 2959 Theodecte.
1917 2893 2003 2958 Et
2043 2894 2166 2956 hoc
2212 2891 2475 2975 quidem
2520 2909 2604 2954 ex

513 2995 653 3078 ipso
687 2994 987 3062 Cicerone
1030 2999 1071 3061 l.
1105 2999 1145 3061 l.
1182 3018 1233 3063 c.
1266 3001 1349 3065 57
1399 3001 1437 3082 ἓ
1477 3000 1599 3065 194
1642 2999 2040 3064 intellexisse
2083 2997 2335 3062 videor:
2386 3000 2599 3078 ,atque

516 3099 704 3182 haec,
769 3101 1015 3184 inquit,
1083 3123 1249 3186 quae
1315 3110 1471 3168 sunt
1536 3105 1709 3189 apud
1763 3102 2209 3184 Aristotelem,
2276 3099 2498 3165 eadem
2564 3118 2602 3161 a

515 3203 942 3289 Theophrasto
998 3205 1479 3292 Theodecteque
1546 3209 1625 3273 de
1691 3228 1932 3292 paeane
1992 3206 2338 3271 dicuntur‘.
2428 3203 2601 3268 Reli-

517 3328 721 3391 quum
786 3315 902 3393 est,
969 3316 1044 3376 ut
1108 3316 1226 3375 aut
1278 3311 1529 3377 Tullius
1588 3314 1930 3378 memoriae
1986 3332 2192 3377 errore
2250 3310 2413 3374 illud
2477 3307 2598 3391 ,vel

512 3412 776 3477 mediae‘
824 3413 982 3480 falso
1027 3417 1361 3497 addiderit,
1406 3422 1520 3482 aut
1564 3437 1649 3482 ex
1695 3438 1825 3483 uno
1869 3418 1937 3482 id
1984 3417 2284 3483 sumserit
2320 3414 2596 3498 Ephoro,

514 3517 628 3599 qui
672 3537 827 3584 sane
871 3519 972 3602 (ut
1013 3521 1206 3604 paulo
1252 3527 1400 3587 ante
1446 3542 1500 3586 c.
1532 3522 1618 3587 57
1652 3524 1690 3606 ἓ
1726 3524 1848 3589 191
1884 3523 2128 3587 dictum
2172 3522 2290 3601 est)
2338 3536 2597 3604 ,paeana

511 3627 775 3686 secutus
859 3629 956 3689 est
1040 3631 1153 3689 aut
1237 3627 1601 3709 dactylum‘.
1720 3627 2020 3713 Denique
2091 3626 2389 3707 fuerunt,
2482 3623 2595 3706 qui

511 3727 896 3810 paeonicum
951 3750 1300 3796 numerum
1358 3735 1624 3798 omnino
1667 3733 2078 3817 reprobarent
2121 3749 2403 3814 eumque
2446 3746 2595 3812 prae

509 3830 785 3897 iambico
853 3839 916 3898 et
982 3835 1123 3899 aliis
1178 3841 1662 3902 contemnerent
1713 3838 2091 3922 indignante
2144 3835 2349 3900 Tullio
2406 3854 2460 3896 c.
2507 3833 2591 3897 57

510 3935 550 4017 ξ
612 3936 767 4001 192:
847 3940 983 4023 ,qui
1047 3961 1311 4025 paeana,
1375 3943 1613 4026 inquit,
1682 3946 2104 4027 praetereunt,
2169 3960 2301 4005 non
2370 3940 2594 4003 vident

507 4041 983 4109 mollissumum
1028 4066 1067 4109 a
1110 4066 1250 4112 sese
1286 4067 1631 4113 numerum
1662 4047 2067 4133 eundemque
2098 4047 2590 4131 amplissumum

507 4148 875 4230 praeteriri‘.
964 4147 1216 4215 Deinde
1258 4152 1330 4215 in
1376 4152 1682 4218 clausulis
1713 4158 1776 4218 et
1804 4154 2018 4238 graeci
2048 4157 2327 4217 oratores
2356 4170 2589 4235 magno

505 4251 720 4315 studio
779 4252 1099 4319 elaborare
1158 4255 1447 4323 solebant
1501 4264 1566 4324 et
1618 4259 1805 4323 latini
1848 4259 2050 4322 multo
2096 4258 2288 4321 etiam
2332 4257 2586 4339 majore.

506 4353 590 4420 Et
646 4357 766 4422 hae
825 4359 1090 4442 quidem
1146 4365 1456 4445 tanquam
1503 4364 1692 4428 domo
1739 4384 1823 4429 ex
1868 4362 2167 4428 omnibus
2210 4361 2342 4426 fere
2384 4362 2589 4444 poetis
