3099 5241
575 409 659 473 2ss
1397 411 1841 462 AOYKIANOY

575 577 1027 663 θητεύσοντας
1088 577 1390 665 ἀκὶνρσις
1449 606 1555 646 και
1615 580 1828 667 ἀβίοις
1889 579 2224 667 ἀνδράσιν.
2330 584 2391 648 4.
2486 585 2652 650 AX.

576 682 854 769 ἑταιρικὴ
924 688 1052 768 μὲν
1115 682 1156 768 ἡ
1227 685 1633 768 παραίνεσις,
1705 691 1824 770 ἐμὲ
1886 687 1956 752 δὲ
2017 686 2135 752 οὐκ
2193 685 2318 751 οἶδ’
2384 689 2560 761 ὅπως
2615 687 2655 771 ἢ

572 813 813 873 ,ιινημη
872 797 1003 854 τῶν
1060 785 1243 874 παρὰ
1301 787 1422 854 τὸν
1477 792 1631 876 βίον
1688 789 1862 877 ἀνιᾷ,
1939 790 2125 877 οἶμαι
2183 790 2253 855 δὲ
2307 792 2412 857 καὶ
2472 789 2660 877 ὗμσῑν

575 900 882 958 ἕκαστον·
956 896 1015 958 εἰ
1058 893 1127 958 δὲ
1171 891 1266 978 (tr)
1320 893 1719 984 ὁμολογεῖτε,
1768 893 1978 983 ’ταύτῃ
2020 895 2268 983 χείρους
2312 900 2453 963 ἐστὲ
2497 896 2655 962 καθ’

572 995 845 1084 ἡσυχίαν
893 995 1054 1063 αὐτὰ
1101 995 1485 1087 πάσχοντες.
1583 1001 1827 1066 ΑΝΤ.
1926 998 2064 1078 οὒκ,
2132 997 2269 1064 ἀλλ’
2321 998 2654 1086 ἀμείνους,

575 1095 969 1189 ὦ’Λχιλλεῦ·
1019 1100 1095 1167 τὸ
1140 1100 1264 1190 γὰρ
1312 1103 1631 1188 ἀνωφελὲς
1665 1111 1788 1171 τοῦ
1822 1105 2024 1192 λέγειν
2060 1102 2352 1189 ὁρῶμεν·
2406 1114 2661 1172 σιωπᾶν

577 1199 697 1270 οὖν
762 1205 869 1270 καὶ
930 1207 1147 1291 φέρειν
1205 1209 1309 1272 καὶ
1368 1205 1718 1296 ’ἀνέχεσθαι
1780 1208 2076 1274 δέδοκται
2138 1207 2324 1295 ἡμῖν,
2396 1210 2493 1296 μή
2552 1213 2660 1276 καὶ

572 1314 818 1398 γέλωτα
867 1308 1170 1396 ὄφλωμεν
1217 1312 1432 1397 ὥσπερ
1482 1310 1557 1378 σύ
1605 1321 1876 1379 τοιαῦτα
1926 1311 2287 1402 εὐχόμενοι.

1525 1488 1709 1552 XVI.

436 1615 540 1671 402
809 1610 841 1645 *
906 1608 1483 1674 ΔΙΟΓΕΝΟΥΣ
1544 1610 1736 1675 KAI
1803 1610 2114 1678 HPAK
2114 1610 2432 1677 ΙΕΟΪΣ.

754 1732 810 1794 1.
903 1730 1160 1796 ΑΙΟΓ.
1255 1729 1392 1818 Οὐχ
1424 1728 1753 1815 Ἰἶρακλῆς
1812 1725 2003 1805 οὗτός
2047 1737 2258 1812 ἐστινς
2328 1731 2661 1817 013«aean

577 1830 787 1910 ἄλλος,
859 1832 957 1916 μοὶ
1025 1833 1140 1899 τὸν
1196 1834 1555 1919 ‘Homini'
1649 1834 1723 1901 τὸ
1790 1832 2002 1915 τόξον,
2080 1837 2158 1903 ’τὸ
2227 1835 2542 1923 ῥόπαλον,
2614 1836 2655 1920 ἦ

579 2042 952 2115 ἀναπέμψειε]
994 2042 1193 2101 αὖτοὺς
1227 2048 1437 2113 πέμπει
1475 2045 1539 2112 21,
1589 2043 1758 2112 ἤθελε
1813 2044 2009 2104 αὐτοὺς
2058 2045 2410 2117 ἀναπέμψειν
2452 2053 2514 2100 Ψ.

578 2131 778 2201 ἀβίοις]
818 2130 1025 2199 ὁμοίως
1067 2137 1128 2184 Ψ.
1311 2130 1602 2202 ἀνδράσιν]
1643 2124 1881 2201 ἆνὸράσι
1916 2150 1962 2186 a.

714 2224 764 2275 4.
836 2220 899 2271 τὸ
939 2219 1045 2290 γὰρ
1087 2218 1381 2288 ἀνωφελὲςξ
1435 2224 1492 2272 τι·
1523 2221 1629 2290 γὰρ
1673 2219 1873 2288 ὄφελος
1908 2220 1973 2277 21.
2170 2223 2385 2276 σιωπᾶν
2418 2223 2522 2292 γὰρ
2560 2221 2660 2277 ΒΟ

578 2306 678 2369 (ita
719 2306 784 2374 O)
831 2310 982 2359 ΨΩΦ
1018 2308 1072 2359 et
1108 2324 1159 2374 v,
1211 2308 1427 2359 σιωπᾶν
1481 2304 1539 2361 δὲ
1592 2314 1655 2369 Δ,
1700 2310 1916 2361 σιωπᾶν
1960 2310 2063 2377 μὲν
2111 2300 2210 2362 οὖν
2246 2309 2311 2366 21,
2383 2308 2657 2362 Hemster-

574 2392 770 2446 husius
810 2396 1027 2447 σιωπᾶν
1062 2394 1195 2463 γοῦν
1231 2394 1541 2461 conjecerat,
1579 2411 1674 2461 ego
1712 2411 1853 2448 nunc
1894 2396 2110 2448 σιωπᾶν
2146 2387 2246 2449 οὖν
2280 2396 2443 2463 edidi,
2492 2411 2657 2463 quum

575 2480 629 2533 in
671 2480 771 2546 Qu.
810 2482 869 2535 L.
907 2499 958 2550 p.
1002 2485 1100 2538 183
1151 2480 1423 2549 vulgatam
1469 2482 1784 2534 tenuissem.
1964 2479 2225 2536 δέδοκται
2272 2480 2654 2543 ΒΟΨΗΨΩΦ,

580 2566 811 2624 δέδοται
859 2569 978 2624 edd.
1016 2570 1145 2625 vett.
1327 2567 1607 2639 ὄφλωμεν]
1659 2568 2073 2640 προσὸφλωμεν
2111 2570 2176 2630 21.
2356 2570 2539 2638 ὥσπερ
2594 2569 2656 2622 σὺ

574 2656 826 2714 ΒΟἳΙΩἸ)
863 2660 917 2709 ot
954 2675 1006 2724 v,
1046 2657 1232 2725 ὥσπερ
1272 2665 1362 2709 καὶ
1403 2658 1465 2710 σὺ
1503 2656 1606 2710 ΨΜ
1644 2657 1762 2711 soli.
1938 2659 2195 2729 τοιαῦτα]
2245 2661 2419 2712 ταῦτα
2469 2657 2518 2709 (l.

577 2743 885 2812 εὐχόμενοι]
943 2743 1235 2813 εὐχόμενος
1293 2745 1354 2800 O.
1549 2747 1784 2798 τοιαῦτα
1844 2745 2149 2815 εὖχόμενσι]
2203 2748 2385 2800 ποιῶν
2439 2742 2657 2815 διηγού-

573 2852 734 2900 μενοι
770 2830 835 2890 21.

1544 2918 1698 2973 XVI.

712 3024 814 3078 hoc
851 3023 1058 3092 dialogo
1093 3040 1199 3077 non
1236 3024 1345 3076 tam
1381 3022 1648 3077 Homerus
1685 3040 1809 3077 vere
1846 3025 2051 3078 ridetur
2085 3041 2243 3093 quam
2271 3023 2657 3091 Onomaci·ituS‚

575 3114 670 3180 qui
708 3112 805 3165 Od.
842 3111 909 3175 λ’,
951 3116 1231 3170 602-604
1276 3112 1385 3163 tres
1421 3125 1614 3163 versus
1668 3111 1792 3177 (uon
1840 3128 2011 3164 unum
2060 3111 2243 3182 modo)
2293 3110 2658 3179 interpolando

577 3200 810 3267 primum
859 3199 1080 3252 addidit.
1155 3198 1280 3252 vide
1331 3196 1582 3266 inprimis
1631 3197 1941 3266 Kochlyum
1988 3197 2068 3251 De
2107 3197 2377 3267 Odysseae
2428 3197 2656 3252 Carmin.

577 3287 661 3339 ΠΙ
696 3305 748 3355 p.
785 3292 871 3354 20,
921 3302 1080 3354 quem
1129 3284 1509 3354 Bernhardyus
1548 3285 1662 3355 (Gr.
1701 3285 1808 3339 Lit.
1847 3284 2037 3338 Gesch.
2076 3285 2131 3338 II
2166 3303 2217 3354 p.
2255 3285 2348 3355 68)
2398 3286 2656 3355 sequitur.

577 3374 849 3428 Lucianus
885 3375 1060 3426 tamen
1098 3371 1295 3440 pariter
1329 3374 1489 3440 atque
1525 3371 1820 3426 Pausanias
1856 3371 1930 3439 ΙΙ,
1970 3377 2051 3439 13,
2078 3377 2111 3428 3
2148 3374 2253 3440 ipsi
2290 3374 2520 3428 Homero
2559 3374 2658 3427 hos

577 3478 767 3515 versus
802 3460 1122 3528 tribuerunt,
1159 3458 1411 3527 probante
1447 3459 1511 3512 ad
1548 3459 1604 3513 11.
1640 3457 1675 3512 l.
1712 3458 2124 3512 Hemsterhusio
2158 3460 2221 3512 V.
2259 3459 2330 3527 S„
2370 3460 2463 3528 qui
2498 3460 2658 3514 hodie

577 3549 732 3602 aliter
758 3548 1040 3616 judicaret.
1114 3547 1208 3599 sed
1246 3545 1609 3614 Arista1·ohuS‚
1661 3546 1723 3598 ut
1770 3547 1966 3604 docent
2001 3546 2167 3600 801101.
2204 3546 2425 3600 Homeri
2459 3547 2494 3599 1.
2531 3546 2567 3599 1.
2605 3548 2659 3598 et

577 3635 796 3690 Pindari
833 3635 913 3689 Ol.
940 3634 984 3702 Ι,
1008 3640 1076 3693 97
1113 3651 1219 3688 non
1256 3632 1430 3687 solum
1466 3635 1576 3686 tres
1612 3649 1803 3687 versus
1841 3650 1976 3702 quos
2013 3634 2130 3687 dixi
2168 3633 2264 3687 sed
2298 3652 2351 3687 v.
2385 3638 2658 3692 565—627

580 3740 762 3778 omnes
798 3723 863 3777 ab
897 3721 1130 3776 Homero
1165 3721 1507 3790 abjudicavit.
1581 3724 1635 3774 et
1669 3721 1979 3775 Aristarcho
2015 3722 2149 3774 bene
2185 3720 2490 3775 adsentiens
2526 3720 2655 3774 Por-

579 3827 743 3865 sonus
779 3810 844 3863 ad
882 3809 1009 3863 Eur.
1049 3808 1136 3863 Or.
1174 3827 1227 3862 v.
1266 3812 1298 3865 5
1336 3809 1509 3861 totum
1544 3809 1690 3862 hunc
1726 3808 1906 3862 locum
1942 3807 2126 3877 poetae
2174 3824 2293 3862 esse
2329 3811 2512 3863 censet
2545 3808 2657 3862 Ho-

577 3914 722 3951 mero
756 3896 1087 3964 recentioriS,
1123 3895 1444 3964 antiquioris
1480 3897 1657 3948 tamen
1696 3895 2050 3964 Onomacrito,
2099 3896 2189 3949 0111
2226 3895 2497 3949 Porsonus
2532 3895 2656 3949 uni-

579 4002 702 4039 cum
738 4001 956 4039 versum
985 3989 1090 4043 604
1124 3984 1246 4036 dare
1271 3981 1497 4037 volebat.
1552 3999 1612 4036 ac
1648 3982 1870 4037 forsitan
1897 3981 2269 4037 Onomaoritus
2305 3983 2415 4035 tres
2452 3983 2658 4035 tantum

578 4088 769 4126 versus
819 4076 1096 4130 602—604
1144 4071 1263 4139 ipse
1311 4068 1580 4123 addiderit
1633 4069 1856 4122 caeteris
1902 4069 1967 4122 ab
2015 4069 2119 4123 alio
2167 4070 2323 4138 poeta
2366 4069 2519 4138 epico
2565 4068 2657 4122 ad-

580 4159 791 4213 sumtis,
862 4175 1034 4226 nuper
1068 4161 1242 4211 tamen
1289 4155 1476 4210 docuit
1519 4170 1618 4208 nos
1667 4156 2044 4223 giammaticus
2091 4157 2149 4210 in
2186 4156 2420 4211 Crameri
2457 4155 2655 4208 Anecd.

578 4245 746 4299 Paris,
783 4245 811 4299 I
835 4262 886 4313 p.
913 4245 1006 4303 61.
1033 4262 1078 4298 e.
1115 4245 1351 4311 Tzetzes‚
1387 4244 1446 4296 in
1484 4242 1955 4311 quatuorvirorum
1988 4260 2227 4311 numero,
2265 4243 2360 4312 qui
2384 4242 2657 4297 Pisistrati

575 4333 734 4401 jussu
766 4331 985 4385 Homeri
1020 4331 1386 4386 recensionem
1421 4327 1786 4402 (διόρθωσιν)
1823 4329 2076 4399 curarint,
2112 4331 2280 4384 fuisse
2316 4329 2479 4383 etiam
2512 4329 2658 4381 hunc

579 4420 759 4488 ipsum
814 4419 1229 4474 Onomacritum.
1320 4418 1396 4472 ita
1450 4434 1754 4488 quanquam
1817 4417 1964 4472 nullo
2027 4417 2183 4472 niodo
2238 4414 2505 4485 probabile
2557 4417 2657 4482 est,
