3099 5241
565 429 713 501 104
1396 457 1824 508 ΛοτΚιΑΝοφ

559 625 940 714 πλουτήσας
1025 625 1207 713 παρὰ
1287 634 1404 693 τοῦ
1485 626 1816 714 τυράννου
1894 624 2286 712 ἐπεθύμησε
2363 622 2650 701 πλεύσας

423 742 528 800 309
565 732 784 799 οἴκαδε
827 737 893 807 ἐς
935 729 1061 817 τήν
1105 728 1507 817 Μήθυμναν
1567 735 1611 772 ⁴*
1668 729 2118 807 ἐπιδείξασθαι
2160 729 2282 796 τὸν
2326 730 2640 796 πλοῦτον.

560 837 667 902 καὶ
710 833 942 923 ἐπιβὰς
984 835 1369 921 πορθμείου
1417 831 1596 909 τινὸς
1638 832 2014 924 κακούργων
2060 833 2320 919 ἀνδρῶν
2344 832 2429 908 ὡς
2459 832 2650 909 ἔδειξε

507 982 518 996 ·
561 938 773 1006 πολὺν
838 937 1016 1028 ἄγων
1069 935 1309 1029 χρυσὸν
1367 939 1474 1004 καὶ
1533 936 1841 1027 ἄργυρον,
1910 939 2050 1004 ἐπεὶ
2110 935 2273 1004 κατεῖ
2321 939 2533 1024 μέσον
2574 935 2650 1004 τό

561 1046 847 1133 Αἰγαῖον
891 1043 1215 1133 ἐγένοντο,
1265 1040 1803 1130 ἐπιβουλεύουσιν
1849 1041 2020 1130 αὐτῷ
2068 1046 2131 1108 οἱ
2172 1048 2426 1109 ναῦται.
2504 1039 2539 1107 ὃ
2580 1039 2650 1107 δὲ

564 1145 947 1233 (ἠκροώμην
990 1146 1116 1237 γὰρ
1163 1148 1430 1213 ἅπαντα
1474 1147 1827 1234 παρανέων
1874 1153 1961 1235 τῷ
1992 1144 2250 1232 σκάφει)
2279 1146 2418 1211 ἐπεὶ
2441 1150 2650 1211 ταῦτα

560 1250 725 1338 ὑμῖν
784 1250 1104 1332 δέδοκται,
1171 1255 1321 1337 ἔφη,
1388 1249 1543 1317 ἀλλά
1605 1249 1731 1336 τὴν
1792 1249 2028 1335 σκευὴν
2088 1246 2508 1337 ἀναλαβόντα
2564 1275 2652 1335 με

563 1357 671 1421 καὶ
745 1354 1001 1443 ᾅσαντα
1082 1352 1346 1442 θρῆνόν
1410 1379 1563 1422 τινα
1626 1358 1727 1421 ἐπ’
1797 1360 2060 1444 ἐμαυτῷ
2129 1352 2360 1421 ἑκόντα
2420 1350 2652 1419 ἐάσατε

565 1462 755 1547 ῥῖψαι
813 1456 1124 1546 ἐμαυτόν.
1219 1462 1585 1546 ἐπέτρεψαν
1633 1464 1695 1525 οἱ
1740 1465 1998 1538 ναῦται,
2058 1459 2164 1525 καὶ
2211 1458 2485 1545 ἀνέλαβε
2526 1455 2652 1542 τὴν

554 1560 811 1648 ’σκευὴν
876 1565 982 1629 καὶ
1046 1560 1168 1652 ᾖσε
1231 1561 1419 1630 πάνυ
1476 1560 1760 1652 λιγυρόν·
1830 1563 1937 1628 καὶ
2004 1560 2336 1647 ἐπήδησεν
2404 1568 2467 1637 ἐς
2530 1560 2651 1648 τῆν

568 1663 908 1732 θάλατταν
977 1665 1060 1741 ὡς
1117 1666 1348 1733 αὐτίκα
1406 1663 1670 1741 πάντως
1731 1664 2315 1753 ἀποθανούμενος.
2408 1663 2526 1754 ἐγώ
2585 1664 2654 1731 δὲ

566 1766 923 1857 ὑπολαβών
989 1771 1095 1835 καὶ
1166 1769 1587 1857 ἀναθέμενος
1654 1768 1859 1837 αὐτὸν
1918 1768 2320 1857 ἐξενηξάμην
2378 1773 2535 1858 ἔχων
2590 1773 2654 1843 ἐς

582 1873 937 1960 Ταίναρον.
1033 1874 1113 1941 Π
1117 1874 1255 1941 ΟΣ.
1329 1879 1573 1941 ἐπαινῶ
1644 1899 1716 1941 σε
1772 1881 1890 1959 τῆς
1948 1873 2402 1960 φιλομουσίας·
2475 1872 2668 1948 ἀξιον·

566 1976 692 2064 γὰρ
734 1976 853 2045 τὸν
897 1976 1149 2064 μισθὸν
1196 1976 1617 2053 ἀποδέδωκας
1664 1978 1836 2066 αὐτῷ
1879 1987 1999 2064 τῆς
2044 1975 2431 2065 ἀκροάσεως.

574 2243 710 2277 σατο
748 2222 1094 2293 (ἐδανείσατο
1133 2221 1206 2291 ἓῑ)
1251 2220 1513 2280 πολλάκις
1562 2220 1651 2276 ἐπὶ
1695 2222 1764 2297 τῇ
1816 2226 1972 2295 τέχνῃ
2026 2220 2237 2288 ἓῖΑιΩΕ,
2289 2222 2385 2277 sed
2432 2222 2535 2277 OM
2578 2222 2656 2276 ita

571 2310 772 2366 habent
803 2311 1086 2380 vulgatam,
1136 2313 1200 2365 ut
1230 2314 1357 2381 post
1391 2308 1483 2364 ἐπὶ
1530 2310 1600 2383 τῇ
1638 2313 1793 2382 τέχνῃ
1833 2310 2056 2365 addant:
2094 2315 2188 2362 καὶ
2222 2306 2400 2362 πολλὰ
2439 2306 2653 2379 ἐδωρή-

575 2417 731 2451 σατο.
880 2395 950 2465 ἐς]
989 2392 1067 2456 εἷς
1099 2396 1260 2452 ΑΩἘ.
1403 2395 1750 2466 Μήθυμναν]
1781 2399 2076 2466 μέθυμναν
2100 2398 2167 2449 Ω.
2310 2394 2652 2463 πορθμείου]

570 2465 864 2555 πορθμὶτου
899 2485 961 2539 F.
1101 2483 1250 2541 τινὸς
1283 2501 1370 2539 om
1405 2483 1471 2542 21.
1618 2481 1940 2554 κακούργων
1974 2481 2073 2540 BQ
2108 2486 2165 2537 et
2197 2502 2245 2547 v,
2280 2481 2464 2535 κακῶν
2490 2481 2650 2536 ΑΩΡ.

572 2588 691 2627 mox
725 2571 1191 2627 Hemsterhusium
1224 2588 1428 2642 sequor,
1463 2588 1573 2627 non
1608 2572 1894 2641 Seagerum
1928 2573 1984 2626 et
2018 2570 2148 2625 alios
2186 2570 2279 2640 qui
2307 2568 2432 2624 ficto
2466 2584 2654 2623 anaco-

573 2659 726 2714 lutho
775 2657 848 2716 ὥς
883 2655 1062 2721 ἔδειξε
1098 2661 1339 2714 vertunt:
1386 2662 1465 2725 ‚ut
1497 2676 1583 2714 res
1619 2659 1736 2729 ipsa
1777 2657 2060 2712 indicavit‘.
2136 2657 2280 2711 huno
2315 2657 2654 2721 atticismum‚

575 2745 641 2800 de
676 2763 779 2816 quo
814 2745 935 2800 vide
967 2746 1196 2817 interpp.
1234 2746 1302 2801 ad
1335 2745 1503 2801 Arist.
1540 2748 1674 2801 Ran.
1709 2764 1757 2801 v.
1799 2747 1949 2810 1261,
1983 2743 2183 2798 frustra
2217 2760 2438 2813 quaeras
2473 2743 2655 2797 inLu-

543 2849 555 2863 ’
576 2833 743 2899 eiam,
781 2833 875 2903 qui
908 2833 998 2887 hio
1033 2833 1274 2887 dicturus
1311 2836 1425 2888 erat
1457 2834 1565 2888 isto
1601 2832 1756 2887 modo
1794 2831 1865 2888 ὡς
1901 2828 2139 2892 ἔδειξαν.
2216 2830 2283 2886 of.
2320 2832 2472 2886 Verr.
2511 2830 2654 2884 Hist.

574 2919 650 2986 Π,
686 2923 770 2985 37,
805 2920 1090 2974 Herculem
1125 2936 1168 2974 e.
1202 2923 1252 2985 4,
1289 2920 1567 2990 Tyrannio.
1602 2924 1653 2985 4,
1699 2921 1882 2973 Toxar.
1924 2920 2005 2974 12.
2145 2914 2338 2984 πολὺν]
2375 2913 2557 2970 πολλὰ
2593 2917 2654 2971 F.

717 3003 864 3075 ἄγων
899 3024 985 3061 om
1018 3023 1064 3061 a.
1215 3005 1418 3077 χρυσὸν
1451 3013 1544 3059 καὶ
1578 3004 1678 3064 BQ
1715 3008 1770 3060 et
1804 3026 1851 3073 v,
1903 3003 2105 3076 χρυσόν
2138 3024 2198 3057 τε
2237 3011 2328 3057 καὶ
2365 3005 2515 3059 ΑΩῈ
2550 3003 2656 3057 for-

573 3092 736 3147 tassis
771 3096 929 3148 recte.
1069 3092 1133 3146 τὸ
1170 3089 1432 3163 Αἰγαῖον]
1465 3093 1567 3147 τὸν
1599 3088 1840 3164 Αἰγαῖον
1873 3094 1947 3148 M.
2091 3090 2338 3161 ἐγένοντο
2375 3091 2506 3156 Bad‚
2544 3088 2655 3160 ἐγέ-

574 3178 701 3232 νετο
742 3176 1021 3236 ἓῑΑΩῈδο.
1161 3180 1478 3250 παρανέων]
1497 3183 1828 3248 παραναίων
1844 3180 1953 3234 BF.
2098 3176 2243 3247 ὖμῖν]
2283 3176 2418 3245 ἡμῖν
2446 3175 2513 3235 21.

577 3262 735 3333 ἀλλὰ]
776 3261 984 3317 ἐπαλλά
1018 3266 1081 3319 Β.
1153 3266 1449 3337 scripturus
1484 3270 1624 3321 erat:
1671 3263 1794 3319 ἐπεὶ
1832 3262 1967 3318 ἀλλὰ
2005 3264 2111 3333 (bis
2146 3264 2300 3319 modo
2349 3262 2471 3317 ἐπεὶ
2504 3281 2655 3334 prae-

576 3349 777 3418 cessit),
830 3353 886 3403 et
918 3351 1189 3406 intellecto
1237 3369 1410 3406 errore
1458 3349 1526 3404 ἐπ
1561 3352 1819 3422 syllabam
1865 3353 2038 3407 delere
2084 3351 2333 3420 neglexit.
2490 3352 2658 3420 ῥῖψαι

574 3453 671 3508 pro
707 3436 875 3507 ῥίψαι
910 3437 1222 3492 JacobitiUS.
1365 3434 1590 3507 λιγυρὸν
1625 3437 1942 3504 QAOQMR
1978 3435 2208 3510 λιγυρῶς
2241 3457 2275 3493 v
2300 3439 2445 3508 (deB
2471 3454 2659 3508 parum

577 3521 823 3592 constat).
962 3523 1089 3577 libri
1123 3540 1329 3579 omnes:
1365 3532 1459 3577 καὶ
1496 3525 1708 3579 ἔπεσεν.
1784 3526 1927 3580 solus
1962 3525 2031 3580 ad
2065 3525 2117 3579 h.
2135 3525 2172 3579 1.
2206 3525 2470 3580 Clerious:
2507 3523 2655 3587 ,ἔπε-

579 3608 695 3679 σεν]
740 3639 809 3647 -
855 3610 1033 3681 aptius
1069 3609 1292 3665 dixisset
1328 3605 1734 3679 εἰσεπήδησεν.
1811 3629 1910 3681 ego
1946 3613 2073 3666 olim
2108 3612 2337 3667 correxi:
2390 3616 2484 3662 καὶ
2522 3606 2658 3676 ἐπή-

580 3693 646 3765 δη
656 3717 765 3751 σεν.
839 3697 918 3752 ita
952 3696 1095 3751 enim
1127 3713 1304 3751 omnes
1341 3697 1500 3768 hujus
1535 3698 1745 3753 fabulae
1780 3702 2021 3754 auctores
2066 3698 2200 3753 duee
2234 3698 2352 3769 ipso
2386 3695 2656 3751 Herodoto
2719 3699 2724 3704 ’

576 3783 622 3850 Ι,
658 3787 752 3840 24:
807 3781 1051 3838 κελεύειν
1084 3780 1212 3840 τοὺς
1245 3786 1544 3853 πορθμέας
1574 3814 1643 3821 -·
1672 3781 1921 3852 ἐκπηδᾶν
1969 3783 2023 3842 ἐς
2066 3784 2170 3853 τὴν
2217 3781 2510 3838 θάλασσαν
2556 3780 2659 3851 τὴν

576 3873 835 3938 ταχίστην
870 3874 926 3925 et
957 3888 1102 3926 mox:
1150 3867 1334 3941 ὥσπερ
1386 3869 1521 3938 ἔχων
1569 3867 1898 3939 ἐξεπήδησε.
2056 3870 2109 3928 ἐς
2155 3870 2258 3940 τὴν
2290 3872 2404 3934 ΒΔ,
2429 3863 2523 3928 .ει’ς
2556 3867 2659 3938 τὴν

579 3954 773 4014 ἓῑΑΩΕ
810 3961 866 4012 et
896 3976 944 4013 v.
1085 3955 1239 4026 ἔχων]
1277 3955 1420 4025 ὄχῶν
1453 3960 1691 4014 Koenius
1727 3958 1795 4013 ad
1830 3958 1986 4030 Greg.
2008 3959 2126 4014 Cor.
2153 3975 2205 4029 p.
2233 3961 2332 4016 170
2352 3957 2490 4023 Soh„
2526 3973 2659 4026 quae

576 4044 724 4098 notio
758 4045 933 4100 verbis
982 4041 1331 4113 ἀναθέμενος
1378 4041 1546 4098 αὐτόν
1586 4045 1698 4115 jam
1730 4046 1889 4101 inest.
1960 4049 2018 4101 at
2053 4045 2190 4113 ἔχων
2236 4044 2469 4100 declarat
2501 4043 2658 4098 Ario-

576 4147 699 4184 nem
732 4130 885 4186 dorso
919 4148 1027 4186 non
1062 4148 1341 4186 excussum
1377 4149 1509 4187 esse.
1652 4130 1706 4189 ἐς
1744 4134 2023 4203 Ταίναρον
2055 4129 2223 4195 ΒὲῑΑ,
2265 4126 2343 4188 εἰς
2380 4132 2660 4198 Ταίναρον

576 4218 673 4272 ,913¹
709 4221 765 4272 et
798 4236 845 4275 v.
910 4282 915 4285 ,
1007 4216 1215 4270 ἐπαινῶ
1267 4236 1326 4271 σε
1373 4217 1468 4273 Ao
1520 4235 1641 4274 eum
1686 4219 2118 4285 Hemsterhusio,
2173 4215 2382 4271 ἐπαινῶ
2431 4215 2539 4284 (om
2575 4213 2658 4284 σε)

580 4302 725 4363 2191?
759 4307 814 4359 et
847 4322 880 4361 v
914 4307 971 4359 et
1003 4303 1229 4360 fortasse
1262 4306 1325 4360 B.
1470 4303 1835 4375 φιλομουσίας
1870 4307 2077 4362 codices
2112 4305 2286 4361 adhue
2319 4319 2526 4367 omnes;
2564 4323 2657 4371 φι-

577 4388 829 4460 λοτιμίας
860 4408 895 4448 a
926 4392 994 4448 Y.
1153 4387 1517 4451 ἀποδέδωκας
1548 4390 1697 4451 13219
1731 4395 1787 4448 et
1819 4411 1867 4461 v,
1903 4389 2196 4450 ἀπέδωκας
2227 4390 2340 4458 AF,
2387 4387 2477 4444 ἀπ’
2519 4386 2656 4442 ἔδω-

3071 5070 3084 5211 ιιι,-
