3099 5241
1173 1398 1926 1576 Praefatio,

1429 1651 1636 1658 ——-....

681 1784 1217 1916 prolegomenis
1281 1827 1804 1898 dissertationes
1868 1826 2131 1914 aliquot
2181 1821 2573 1893 Lucianeae

489 1946 946 2035 continentur,
1020 1970 1190 2037 quas
1262 1954 1342 2019 ut
1407 1950 1476 2018 in
1539 1948 1763 2020 lucem
1827 1948 2126 2035 ederem,
2197 1943 2395 2015 amici
2466 1963 2576 2013 me

488 2068 763 2158 saepius
827 2068 1180 2140 adhortati
1256 2057 1442 2141 sunt.¹
1569 2068 1828 2141 Adhuc
1905 2069 2234 2160 pleraque
2306 2065 2573 2153 desunt,

489 2211 663 2279 quae
736 2196 1050 2281 spectant
1119 2193 1207 2262 ad
1272 2192 1583 2283 dialogos
1657 2192 2056 2264 subditicios
2129 2194 2202 2259 et
2263 2206 2438 2276 quae
2505 2186 2575 2256 in

489 2311 830 2383 atticismo
896 2314 1252 2404 scriptoris
1316 2319 1684 2384 versantur
1754 2315 2004 2385 desunt
2080 2311 2334 2400 omnia,
2408 2331 2575 2398 quo-

487 2456 642 2504 rum
702 2439 1072 2523 utrumque
1144 2436 1361 2526 genus
1427 2436 1532 2506 uti
1605 2457 1808 2527 spero
1871 2433 2200 2505 volumini
2261 2432 2576 2523 proximo

490 2556 701 2637 inseri
778 2557 1058 2646 poterit.
1164 2546 1576 2629 'Excludam
1656 2562 1887 2628 tamen
1968 2553 2576 2627 commentationes

489 2675 945 2749 Academicas
1015 2701 1300 2750 numero
1367 2680 1731 2770 plurimas,
1801 2699 1975 2768 quae
2044 2677 2131 2747 ad
2191 2674 2577 2747 Lucianum

492 2800 765 2871 omnino
838 2801 1009 2871 nihil
1089 2802 1402 2873 adtinent
1481 2822 1736 2890 easque
1815 2800 2132 2871 fortassis
2212 2798 2345 2868 alio
2425 2798 2576 2868 loco

491 2924 720 2993 nescio
789 2944 924 3011 quo
999 2924 1448 3015 divulgandas
1520 2925 1796 2995 curab0.
1924 2921 2128 3011 Quod
2193 2926 2424 2991 autem
2491 2920 2578 2989 ad

491 3044 717 3115 fontes
782 3046 1030 3116 horum
1094 3026 1519 3137 dialogorum
1584 3047 1915 3136 pertinet,
1986 3063 2429 3134 quaecunque
2493 3042 2577 3112 de

492 3167 838 3238 codicibus
894 3165 1300 3257 ,Charonis‘,
1367 3169 1622 3259 dialogi
1681 3168 1867 3238 haud
1920 3187 2336 3257 magnopere
2391 3186 2578 3235 men-

496 3290 645 3361 dosi
700 3290 833 3360 dici
886 3295 1199 3380 possunt,
1255 3291 1629 3363 lectoribus
1681 3292 1853 3363 meis
1899 3292 2044 3383 jam
2098 3290 2375 3380 cognita
2428 3308 2579 3359 esse

495 3411 717 3483 video.
849 3410 1172 3501 Namque
1246 3411 1681 3502 ,Charonem‘
1755 3414 1963 3485 etiam
2018 3407 2579 3484 Vindobonensis

494 3556 604 3604 no,
665 3534 811 3607 123
871 3534 991 3627 (Β)
1047 3535 1347 3625 exhibet,
1412 3558 1498 3607 ex
1554 3547 1692 3625 quo'
1752 3536 2139 3626 complures
2204 3535 2335 3605 loci
2389 3539 2577 3605 certo

480 3655 770 3726 ¹restitui
831 3663 1148 3747 possunt,
1211 3660 1492 3729 tametsi
1555 3659 1625 3728 in
1692 3656 2054 3747 ,Charone‘
2127 3679 2264 3727 non
2329 3657 2579 3745 ubique

493 3777 595 3847 ita
647 3778 904 3849 eminet
954 3785 1036 3850 ut
1085 3781 1156 3850 in
1209 3781 1406 3851 brevi
1469 3780 1740 3871 dialogo
1802 3778 2221 3866 Προμηθεύς
2278 3779 2322 3863 ἢ
2383 3776 2581 3845 Καί·-

496 3926 717 3975 κασος.
840 3899 1019 3972 Tum
1081 3903 1166 3973 de
1233 3902 1542 3993 ,dialogis
1596 3903 2048 3973 mortuorum‘
2113 3906 2186 3971 et
2246 3899 2331 3970 de
2396 3900 2580 3971 codi-

498 4022 688 4092 cibus
742 4023 859 4110 qui
904 4045 1024 4094 eos
1078 4025 1338 4096 habent
1391 4026 1705 4096 omnibus
1758 4025 1827 4094 in
1881 4022 2172 4115 praefat.
2212 4022 2299 4092 ad
2333 4020 2428 4092 V.
2465 4019 2582 4091 III

498 4141 578 4214 P.
635 4141 673 4213 I
724 4167 791 4235 p.
830 4143 984 4216 VH
1037 4148 1204 4218 satis
1269 4148 1526 4219 dictum
1592 4151 1719 4220 est.
1838 4144 1925 4215 In
1985 4146 2096 4215 his
2160 4142 2583 4233 corrigendis

497 4286 677 4336 nunc
744 4288 1014 4356 quoque
1094 4270 1179 4341 ab
1240 4267 1766 4340 Vindobonensi
1832 4265 1899 4336 Β
1966 4271 2039 4336 et
2098 4264 2442 4336 Vaticano
2514 4259 2583 4338 Ἡ

497 4385 851 4476 profectus
936 4412 1106 4466 sum.
1240 4388 1490 4466 Multis
1580 4394 1810 4459 autem
1899 4388 1973 4459 hi
2037 4386 2314 4477 ¹dialogi
2389 4385 2581 4457 ‘vitiis
