3099 5241
97 0 224 27 “ffir*
283 0 346 17 ’τ’-ἐ
397 1 441 21 ‘72
466 1 481 19 ἰιι
513 1 544 4 Ἰ’
603 1 606 4 ’

981 1266 1171 1349 PR
1187 1266 2115 1351 OLEGOMENA.

1394 1621 1600 1708 Caput
1643 1625 1694 1689 Ι.

794 1735 906 1812 De
967 1745 1405 1812 codicibus
1464 1746 1811 1814 Luciani
1854 1746 2312 1813 Vaticanis,

623 1904 645 1931 '⁶
713 1919 806 1983 Ex
850 1938 974 2002 quo
1018 1919 1311 2002 rescripti
1355 1919 1607 1986 codices
1652 1923 1717 1985 et
1762 1920 1937 2003 ipsae
1957 1921 2183 2005 papyri
2219 1922 2398 1987 velut
2419 1921 2586 1988 Her-

501 2024 880 2090 culanenses
941 2026 1005 2090 et
1064 2024 1464 2109 Hyperideae
1523 2025 1789 2091 tractari
1845 2027 2104 2108 coeptae
2164 2029 2344 2095 sunt:
2412 2029 2585 2094 certo

496 2129 802 2212 adparuit
844 2129 1034 2194 hasce
1075 2129 1214 2213 jam
1267 2147 1539 2214 papyros
1584 2130 1651 2195 in
1695 2132 1877 2196 tanta
1927 2129 2321 2213 praestantia
2363 2129 2586 2198 multis

502 2232 681 2298 vitiis
725 2232 1035 2299 laborare.
1125 2233 1341 2316 itaque
1387 2233 1452 2298 in
1498 2236 1637 2299 arte
1684 2234 1904 2300 critica
1947 2237 2046 2299 tot
2088 2251 2317 2316 pravas
2360 2234 2586 2300 lectio-

502 2356 620 2403 nes
658 2338 977 2403 scrutanti
1022 2338 1318 2403 caelestis
1341 2338 1452 2402 lux
1497 2337 1763 2404 rationis
1788 2340 2097 2421 tanquam
2141 2337 2407 2407 obrussa
2441 2337 2585 2404 ubi-

503 2461 629 2525 que
675 2441 1035 2507 adhibenda
1080 2445 1207 2507 est:
1255 2441 1571 2525 siquidem
1594 2441 1900 2508 divinatio
1946 2459 2092 2507 vere
2137 2442 2353 2508 divina
2394 2443 2587 2528 longe

503 2545 831 2612 codicibus
874 2548 1159 2630 praestat
1203 2546 1516 2612 omnibns.
1607 2563 1771 2630 qnae
1812 2545 1977 2612 ratio
2023 2564 2219 2629 quum
2262 2547 2330 2611 in
2374 2548 2586 2613 caete-

503 2669 610 2716 ros
654 2651 993 2733 scriptores
1038 2651 1246 2731 cadat,
1304 2655 1444 2717 tum
1488 2652 1554 2716 in
1600 2651 2076 2735 corruptissimo
2120 2669 2368 2735 quoque
2414 2651 2588 2717 valet

502 2755 872 2837 plurimum,
917 2756 985 2820 in
1022 2774 1145 2838 quo
1169 2773 1431 2822 numero
1453 2755 1811 2822 Lucianum
1833 2773 1972 2821 esse
1995 2758 2265 2822 constat.
2331 2758 2585 2824 transeo

506 2860 589 2925 ad
655 2860 925 2939 codices,
1014 2878 1282 2943 quorum
1348 2878 1549 2926 unum
1628 2859 1783 2925 olim
1856 2861 1924 2926 in
1990 2859 2271 2926 Luciano
2338 2878 2587 2944 quoque

376 2990 388 2999 ·
505 2964 718 3030 fuerat
763 2963 1207 3048 archetypum:
1232 3026 1243 3036 ‚
1267 2982 1385 3030 nec
1444 2967 1665 3030 tamen
1724 2967 1796 3030 ut
1838 2964 2144 3049 Aeschyli
2190 2967 2264 3029 ut
2310 2962 2588 3034 Cornelii

507 3068 720 3134 Taciti
764 3069 1163 3152 aliorumque
1208 3069 1300 3134 ita
1345 3069 1541 3135 etiam
1563 3068 1833 3135 Luciani
1878 3068 2145 3147 codiceS‚
2190 3066 2301 3151 qui
2326 3067 2589 3151 plurimi

506 3175 778 3252 exstant,
826 3192 900 3239 ex
942 3192 1069 3239 uno
1107 3174 1323 3239 codice
1369 3191 1589 3239 omnes
1634 3174 1726 3238 ita
1748 3173 2083 3252 fluxerunt,
2127 3175 2200 3238 ut
2241 3190 2356 3255 pro
2400 3172 2588 3239 unius
2695 3227 2708 3236 „

503 3277 729 3343 haberi
782 3278 976 3345 meris
1033 3278 1282 3361 possint
1340 3277 1743 3363 apographis,
1834 3277 1928 3342 ita
1973 3276 2142 3343 enim
2196 3277 2264 3342 in
2305 3276 2585 3343 Praefat.

505 3383 590 3448 ad
634 3381 787 3448 Luc.
834 3383 885 3462 Ι,
935 3383 967 3446 1
1015 3402 1077 3465 p.
1105 3382 1186 3465 13
1233 3386 1404 3448 recte
1443 3381 1750 3467 judicavi,
1796 3382 1862 3446 id
1906 3381 2073 3464 quod
2098 3379 2587 3459 Siemonsenius‚

505 3486 620 3570 qui
662 3504 882 3569 reapse
926 3506 1179 3569 mecum
1220 3487 1559 3567 consentit,
1606 3487 1672 3552 in
1719 3487 2006 3567 Quaestt.
2031 3485 2184 3551 Luc.
2211 3504 2272 3568 p.
2298 3484 2383 3552 22
2427 3484 2587 3549 mire

502 3590 959 3674 interpretatus
988 3581 1122 3658 est.
1211 3610 1361 3657 nam
1405 3592 1584 3657 inter·
1616 3610 1834 3658 omnes
1880 3592 2130 3656 constat
2151 3588 2434 3655 familias
2478 3606 2586 3653 co-

508 3695 726 3760 dicum
768 3696 1237 3762 Lucianeorum·
1279 3697 1438 3762 duas
1484 3715 1644 3775 esse,
1704 3714 1908 3778 neque
1964 3695 2271 3760 lectorem
2327 3695 2429 3758 sat
2473 3691 2586 3757 ad—

506 3802 763 3867 tentum
818 3804 882 3866 et
940 3800 1103 3866 bene
1162 3801 1636 3886 intelligentem
1690 3800 1914 3884 fugere
1971 3799 2184 3882 potest
2239 3796 2321 3861 ad
2378 3797 2589 3864 utram
2725 3795 2735 3809 “

509 3904 785 3970 classem
828 3904 1070 3990 singuli
1107 3904 1252 3989 jure
1297 3904 1672 3971 referantur.
1765 3908 1835 3969 at
1878 3921 1957 3968 ne
2010 3902 2103 3968 sic
2147 3900 2403 3985 quidem
2448 3899 2586 3967 Sie-

509 4008 876 4074 monsenius
933 4009 1123 4075 laude
1182 4009 1573 4074 fraudandus
1619 4011 1734 4088 est,
1792 4008 1903 4091 qui
1955 4006 2052 4091 (in
2096 4006 2384 4087 Quaestt.
2431 4004 2584 4070 Luc.

509 4131 570 4195 p.
624 4112 862 4195 1-21)
904 4113 1002 4179 *ab
1063 4131 1206 4178 mea
1260 4113 1669 4197 potissimum
1730 4111 2003 4178 editione
2059 4110 2384 4192 profectus
2426 4108 2587 4175 locis

511 4217 748 4284 additis
792 4221 861 4283 et
903 4218 1315 4285 consensione
1374 4220 1727 4283 monstrata
1784 4217 2034 4283 codices
2091 4216 2427 4299 plerosque
2473 4232 2586 4279 suo

513 4322 740 4405 cuique
776 4322 995 4407 generi
1039 4326 1174 4389 tam
1206 4322 1368 4388 bene
1392 4321 1843 4406 adsignaverit.
1932 4322 2081 4387 hinc
2119 4320 2406 4404 sequitur
2441 4336 2587 4386 eum
