3099 5241
1369 431 1737 488 SOSTRATO.
2441 435 2601 491 XLV

515 607 773 692 aceepit,
821 627 1025 692 quum
1081 608 1177 689 (ut
1220 613 1318 672 est
1362 609 1535 693 apud
1578 607 1943 674 Lucianum
1986 611 2053 673 in
2102 609 2497 676 Demonacte
2543 613 2604 694 1)

508 713 642 794 jam
697 731 798 776 res
858 711 1140 776 Hercule
1199 733 1332 777 non
1390 714 1696 798 indignas
1754 716 2083 798 gessisset:
2156 714 2303 787 ὅσα,
2369 716 2606 799 inquit,

514 813 559 896 ἢ
622 812 862 902 λῃστὰς
930 814 1216 900 ἀναιρῶν
1283 819 1559 899 ἔπραξεν
1617 814 1661 899 ἢ
1723 814 2059 882 ὁδοποιῶν
2124 815 2203 882 τὰ
2276 814 2489 902 ἄβατα
2558 821 2605 900 ἤ

512 926 811 1002 γεφυρῶν
868 917 947 983 cco}
1013 917 1337 1004 δύσπορα.
1454 921 1684 1006 Itaque
1746 923 1824 987 de
1884 923 1985 987 his
2052 923 2375 1007 omnibus,
2444 944 2609 1009 quae

511 1025 842 1090 Lucia-nus
889 1025 966 1090 de
1010 1026 1382 1108 latronibUS,
1429 1026 1507 1092 de
1553 1028 1677 1091 viis
1723 1047 1798 1091 ac
1841 1027 2149 1112 pontibus
2193 1029 2389 1093 verbo
2436 1049 2608 1111 com-

515 1136 845 1212 memorat,
889 1131 960 1192 in
1005 1129 1282 1194 Herodis
1341 1130 1541 1195 literis
1603 1151 1737 1195 non
1783 1133 1989 1215 magis
2037 1153 2231 1215 quam
2276 1134 2347 1196 in
2392 1133 2607 1198 Philo-

520 1239 712 1298 strato
758 1255 892 1298 una
937 1234 1270 1319 legebatur
1312 1235 1514 1318 litera,
1560 1256 1774 1320 neque
1805 1236 1941 1299 11113
1982 1236 2134 1329 legi·
2155 1242 2418 1320 poterat,
2461 1238 2606 1302 ideo

518 1339 691 1422 quod
735 1340 891 1403 haec
937 1340 1154 1402 omnia
1197 1339 1399 1402 multo
1454 1345 1601 1423 post
1645 1345 1824 1424 gesta
1868 1345 2042 1422 sunt,
2106 1361 2302 1424 quam
2356 1341 2468 1405 illa
2525 1342 2628 1405 ab·

513 1443 772 1508 Herode
818 1444 899 1507 ad
942 1444 984 1508 J
986 1444 1280 1507 ulianum
1328 1445 1593 1528 epistola
1639 1446 1870 1528 scripta
1915 1449 2101 1509 esset.
2190 1443 2485 1509 Ceterum
2528 1445 2608 1510 de

515 1547 965 1632 praedonibUS,
1020 1549 1134 1631 qui
1179 1554 1319 1612 tum
1363 1550 1434 1612 in
1482 1548 1748 1614 Graecia
1801 1549 2097 1632 fuissent,
2154 1547 2482 1612 Lucianus
2536 1552 2605 1613 in

516 1653 813 1717 Sostrate
854 1653 1029 1716 haud
1090 1644 1284 1717 dubie
1340 1653 1546 1717 multa
1605 1656 2072 1738 perscripserat.
2182 1653 2265 1717 Et
2325 1655 2395 1716 in
2441 1674 2605 1719 non·

513 1757 713 1821 11111118
762 1757 1024 1840 (1111110111
1066 1738 1462 1841 regionibuS,
1518 1763 1595 1822 ut
1636 1759 1707 1821 111
1752 1760 1992 1822 vicinia
2038 1757 2434 1823 Cithaeronis
2472 1759 2605 1842 jam

517 1862 668 1924 olim
714 1860 793 1924 ab
839 1863 1104 1926 heroum
1149 1881 1362 1946 usque
1404 1868 1606 1926 aetate
1651 1864 1972 1927 latronum
2005 1862 2323 1946 quaedam
2352 1863 2607 1928 fuerant

438 2010 449 2023 .
516 1965 874 2049 speluncae,
907 1967 1073 2030 sicut
1094 1965 1623 2031 Hemsterhusius
1655 1967 1736 2030 ad
1764 1967 1920 2031 Luc.
1946 1964 2023 2030 D.
2056 1966 2237 2030 Mort.
2264 1966 2534 2052 XXVII,
2563 1971 2605 2034 2

515 2069 678 2134 bene
725 2070 1100 2135 observavit.
1208 2070 1333 2135 Sed
1393 2092 1600 2155 quum
1657 2071 1878 2135 multis
1936 2070 2120 2134 bellis
2163 2070 2603 2137 Romanorum

517 2180 579 2239 et
631 2177 914 2240 maxime
974 2175 1273 2239 civilibus
1337 2175 1603 2239 Graecia
1663 2175 1989 2239 devastata
2035 2180 2222 2258 esset,
2280 2177 2605 2242 latronum
2693 2232 2700 2243 .

515 2279 822 2363 factiones
878 2280 1034 2345 adeo
1092 2285 1451 2362 creverunt,
1511 2286 1586 2345 ut
1644 2280 1940 2365 plurimis
1998 2278 2157 2343 locis
2217 2283 2428 2345 vastis'
2468 2284 2604 2365 jam

518 2389 710 2468 atque
780 2385 1046 2450 desertis
1110 2385 1273 2447 nihil
1335 2404 1613 2468 usquam
1680 2388 1897 2448 tutum
1965 2402 2103 2448 esse
2163 2383 2424 2468 11100108,
2492 2387 2604 2451 sed

519 2490 735 2552 omnia
788 2489 1137 2553 latrociniis
1192 2489 1441 2553 infesta.
1554 2486 1730 2552 Hinc
1797 2487 1877 2551 ab
1941 2486 2321 2572 Heliodoro,
2381 2489 2604 2555 Xeno·

515 2594 755 2678 phonte
799 2592 1101 2677 Ephesio,
1145 2593 1421 2678 Apulejo
1470 2594 1561 2676 (in
1607 2593 2020 2677 Metamorph.
2055 2593 2165 2676 IV,
2198 2595 2237 2659 6
2282 2595 2443 2678 init,
2487 2595 2603 2661 ubi

516 2700 664 2764 vide
699 2699 1093 2783 interpretes)
1137 2699 1462 2762 latronum
1493 2700 1834 2782 speluncae
1874 2703 2003 2762 tam
2036 2718 2222 2781 saepe
2255 2699 2603 2784 descriptae

519 2808 698 2882 sunt3
745 2804 897 2866 hinc
940 2807 1073 2867 tam
1119 2804 1346 2867 acriter
1388 2803 1662 2867 latrones
1706 2803 1986 2866 militum
2030 2805 2411 2869 excursione
2453 2823 2604 2869 con·

521 2908 740 2990 quisiti
773 2912 926 2971 sunt
969 2906 1251 2991 (Apulei.
1284 2907 1438 2971 ibid.
1467 2907 1605 2985 VII,
1632 2908 1668 2971 7
1700 2906 1868 2989 fin.);
1916 2908 2067 2970 hinc
2109 2907 2602 2973 fortissimorum

514 3011 836 3075 latronum
877 3012 1081 3075 multa
1135 3012 1291 3077 adeo
1351 3013 1615 3075 nomina
1659 3017 1907 3075 servata
1951 3017 2125 3093 sunt,
2184 3017 2259 3075 ut
2301 3013 2601 3077 Tillorobi

519 3116 692 3198 (Luc.
741 3116 1057 3180 Alexand.
1103 3135 1156 3179 0.
1203 3118 1290 3199 2),
1347 3117 1574 3182 Bullae
1620 3116 1956 3200 (Xiphilin.
2006 3135 2041 3179 e
2085 3114 2294 3180 Dione
2342 3119 2444 3200 76,
2495 3118 2598 3200 lo)

515 3220 988 3302 Thrasyleontis
1049 3221 1324 3304 (Apulei.
1387 3220 1641 3285 Metam.
1699 3219 1809 3303 lV,
1874 3222 1996 3301 15).
2102 3221 2209 3284 Ad
2271 3221 2601 3287 Graeciam

519 3330 735 3389 autem
781 3331 842 3389 et
871 3325 953 3389 ad
996 3322 1268 3390 Luciani
1308 3332 1575 3390 aetatem
1606 3330 1852 3409 praeter
1879 3326 2055 3388 hunc
2084 3325 2603 3407 Thrasyleontem

517 3431 707 3494 etiam
755 3449 866 3494 eae
908 3430 1231 3492 latronum
1281 3430 1736 3513 descriptiones
1794 3429 2159 3494 referendae
2204 3436 2373 3514 sunt,
2436 3452 2600 3516 quae

515 3536 585 3597 in
653 3534 1152 3599 Pseudoluciani
1207 3535 1412 3599 Asino
1471 3554 1523 3597 0.
1593 3535 1673 3598 16
1734 3554 1873 3617 sqq.
1944 3541 2007 3599 et
2072 3536 2330 3600 eaedem
2397 3537 2600 3601 multo

516 3635 842 3704 uberiores
900 3641 970 3702 in
1029 3640 1292 3723 Apuleji
1352 3638 1608 3705 Metam.
1665 3637 1769 3701 III
1830 3657 1882 3701 0.
1929 3640 2015 3704 28
2074 3660 2213 3723 sqq.
2275 3641 2597 3725 leguntur.

516 3740 614 3806 De
672 3743 772 3807 his
829 3745 1029 3827 igitur
1084 3744 1442 3809 latronibus
1510 3745 1693 3808 locus
1752 3761 1901 3807 vere
1961 3743 2297 3827 classicus,
2359 3746 2472 3828 qui
2529 3746 2601 3809 in

518 3849 796 3912 Sostrato
862 3847 1134 3912 Luciani
1200 3852 1551 3915 certissime
1618 3849 1976 3930 exstiterat,
2045 3847 2233 3912 nobis
2303 3849 2597 3933 deperiit:

519 3972 647 4036 quo
706 3954 939 4018 amisso
994 3973 1078 4018 ne
1133 3955 1253 4018 hoc
1317 3955 1579 4039 quidem
1649 3954 1912 4048 scimUS,
1979 3958 2200 4017 utrum
2257 3951 2600 4037 SostratuS,

519 4078 735 4140 quum·
789 4062 883 4122 tot
945 4059 1302 4125 latronibus
1365 4060 1443 4123 de
1499 4058 1709 4122 medio
1778 4056 2047 4121 sublatis
2114 4077 2227 4142 pro
2287 4058 2600 4140 ,Hercule‘

516 4162 733 4227 haberi
780 4164 1026 4247 soleret,
1085 4169 1403 4248 postremo
1459 4164 1781 4227 latronum
1838 4181 2037 4226 manu
2088 4163 2228 4246 ipse
2274 4164 2600 4227 confectus

518 4268 616 4350 sit,
676 4288 759 4331 an
818 4272 1169 4353 perpetuus
1231 4269 1490 4352 quidam
1552 4268 1872 4332 latronum
1927 4268 2132 4332 victor
2185 4266 2308 4330 alio
2368 4286 2599 4351 genere

516 4374 736 4437 mortis
782 4373 1169 4437 occubuerit.
1258 4372 1342 4437 Et
1375 4393 1748 4457 quanquam
1793 4373 1949 4436 haec
1978 4376 2127 4436 vota
2167 4377 2341 4455 sunt,
2384 4378 2599 4436 tamen
