3099 5241
1317 442 1820 502 PEDES'I'RIBUS.
2424 447 2611 504 XCIII

522 622 797 706 excipio)
844 622 1138 686 nondum
1184 623 1339 686 satis
1386 623 1546 687 scire
1589 622 1910 687 videntur.
1999 622 2127 688 Res
2170 625 2261 688 ita
2299 642 2367 688 se
2397 622 2604 689 habet.

520 722 850 808 Περίοδος
908 732 971 790 et
1033 722 1340 809 σύστημα
1401 727 1870 811 Significatione
1915 729 2179 792 omnino
2223 727 2387 792 nihil
2432 727 2609 793 diffe-

518 835 690 894 runt.
783 829 1078 895 Ceterum
1145 828 1452 915 περίοδος
1520 832 1788 896 atticum
1846 831 2236 896 vocabulum
2304 838 2419 915 est,
2490 831 2606 896 σύ-

522 956 743 1017 στημα
790 934 1282 1019 hellenisticum,
1342 937 1516 1020 quod
1576 938 1827 1021 primus
1869 937 2154 1001 fortassis
2198 939 2606 1003 metricorum

516 1037 905 1123 Hephaestio
971 1046 1267 1125 usurpat,
1335 1042 1454 1105 etsi
1522 1061 1655 1104 non
1724 1040 2002 1105 abstinet
2067 1041 2278 1106 altero.
2389 1040 2605 1118 Quum

518 1144 692 1207 enim
735 1144 1036 1227 rhetoreS,
1082 1146 1194 1229 qui
1239 1150 1489 1210 mature
1533 1147 1965 1229 principatum
2007 1147 2328 1229 quendam
2361 1146 2605 1213 obtine-

516 1246 693 1330 bant,
738 1247 1048 1332 περίοδος
1091 1268 1329 1314 nomen
1380 1250 1477 1331 ,de
1522 1248 1771 1313 ambitu
1815 1249 2061 1314 solutae
2104 1252 2428 1316 orationis‘
2481 1251 2606 1317 sibi

518 1352 637 1415 soli
702 1352 1172 1418 vindicassent:
1249 1354 1613 1435 rhythmica
1678 1354 2010 1438 periodus,
2082 1362 2157 1418 ut
2221 1374 2324 1419 res
2390 1359 2604 1421 tamen

515 1455 787 1540 intelligi
846 1463 1079 1541 posset,
1140 1458 1262 1522 alio
1320 1460 1586 1524 nomine
1645 1458 1774 1521 dici
1819 1464 2042 1543 coepta
2087 1463 2202 1535 est,
2266 1455 2593 1542 σύστημα.

522 1559 710 1636 Quod
744 1562 1074 1626 verissime
1119 1561 1198 1626 ab
1244 1562 1434 1626 nobis
1481 1562 1727 1626 dictum
1772 1581 1911 1628 esse
1959 1583 2161 1647 quum
2210 1565 2439 1628 caeteri
2480 1564 2605 1629 loci

517 1673 894 1751 argumento
969 1669 1132 1749 sint,
1217 1669 1287 1731 in
1378 1667 1617 1751 quibus
1691 1687 1751 1730 v.
1829 1665 2136 1749 περίοδος
2206 1669 2341 1732 vim
2415 1668 2606 1734 habet

513 1771 962 1855 rhythmicam,
1020 1778 1162 1836 tum
1220 1772 1414 1856 plane
1457 1771 1665 1855 liquet
1708 1790 1793 1836 ex
1839 1789 1913 1836 ea
1958 1771 2257 1855 dictione,
2315 1791 2480 1857 quae
2524 1774 2604 1838 de

513 1875 830 1958 rhythmis
876 1877 1121 1961 duplici
1163 1876 1353 1941 modo
1399 1876 1859 1960 componendis
1905 1876 2207 1941 solemnis
2253 1884 2377 1942 est:
2439 1875 2600 1942 κατὰ

517 1980 729 2066 στίχον
785 1978 827 2062 ἢ
888 1976 1050 2044 κατὰ
1107 1978 1442 2063 «περίοδον.
1555 1980 1723 2044 Nam
1791 1981 1869 2046 de
1930 2001 1999 2047 re
2058 2001 2321 2066 prorsus
2381 1982 2603 2049 eadem

515 2087 782 2150 seriores
845 2091 921 2149 ut
983 2085 1371 2169 Hephaestio
1438 2088 1529 2149 ita
1593 2086 1810 2169 potius
1875 2086 2056 2169 loqui
2122 2086 2359 2152 solent:
2440 2083 2601 2151 κατὰ

516 2188 727 2275 στίχον
794 2186 837 2272 ἢ
904 2185 1068 2252 κατὰ
1138 2183 1471 2271 σύστημα.
1588 2187 1749 2253 Dico
1818 2196 2034 2255 autem
2099 2191 2206 2254 hic
2271 2191 2603 2276 vulgarem

512 2294 846 2378 periodum
906 2294 1044 2358 sive
1101 2295 1426 2377 majorem,
1483 2312 1618 2357 non
1676 2293 1939 2359 alteram
2002 2293 2340 2378 (minorem
2384 2296 2602 2380 illam),

511 2418 626 2482 pro
717 2418 845 2483 qua
926 2403 1144 2463 tamen
1227 2400 1367 2483 ipsa
1454 2418 1715 2483 quoque
1807 2398 1961 2463 alibi
2034 2418 2270 2464 nomen
2344 2402 2604 2485 ponitur

515 2498 846 2585 σύστημα.
942 2503 1146 2568 Aliter
1189 2504 1406 2568 visum
1464 2510 1561 2567 est
1621 2504 1885 2586 ,homini
1942 2506 2035 2569 rei
2090 2505 2392 2570 metricae
2435 2506 2601 2571 male

510 2607 730 2693 perito‘
800 2606 901 2692 (ut
956 2606 1374 2673 Hermannus
1438 2609 1509 2672 in
1554 2606 1653 2672 El.
1700 2606 1778 2672 D.
1829 2607 1913 2673 M.
1961 2630 2023 2695 p.
2072 2609 2228 2696 577)
2287 2607 2601 2692 Dionysio

509 2712 682 2796 Hal.,
743 2715 856 2798 qui
915 2710 1208 2796 στροφήν
1266 2715 1483 2798 potius
1537 2713 1710 2777 idem
1770 2715 1943 2799 quod
1999 2713 2309 2796 περίοδον
2356 2714 2603 2800 signifi·

511 2836 689 2881 casse
735 2817 1003 2882 credidit
1045 2816 1144 2882 De
1187 2819 1436 2882 Admir.
1485 2818 1573 2881 Vi
1617 2817 1944 2883 Demosth.
1994 2837 2048 2882 c.
2095 2818 2213 2885 50:
2263 2820 2391 2883 εἴτε
2433 2815 2597 2884 κατὰ

511 2920 724 3009 στίχον
793 2924 919 2986 εἴτε
986 2919 1149 2985 κατὰ
1217 2920 1554 3005 περίοδον,
1629 2922 1710 3005 ἢν
1781 2922 2088 2986 καλοῦσιν
2156 2924 2218 2985 οἱ
2290 2922 2600 3005 μουσικοὶ

513 3020 830 3107 στροφήν,
915 3033 978 3092 et
1044 3036 1198 3092 mox
1263 3029 1529 3092 iterum:
1612 3024 1722 3090 ἐπὶ
1786 3030 1917 3089 τῶν
1985 3022 2196 3090 αὐτῶν
2265 3024 2493 3113 στίχων
2553 3025 2599 3109 ἢ

509 3124 866 3211 περιόδων,
961 3130 1038 3203 &g
1121 3128 1595 3214 ἀντιστρόφους
1685 3125 2112 3215 ὀνομάζουσι.
2229 3132 2320 3195 At
2394 3151 2601 3216 quum

510 3235 803 3319 strophae
860 3240 924 3299 et
978 3236 1158 3319 ipsae
1218 3230 1382 3298 κατὰ
1451 3236 1665 3323 στίχον
1711 3255 1898 3320 saepe
1959 3239 2444 3320 componantur,
2493 3256 2599 3311 *se-

512 3341 733 3423 quitur
798 3340 962 3404 hanc
1032 3359 1198 3424 quae
1263 3338 1582 3422 Dionysio
1658 3343 1730 3405 in
1795 3346 2077 3406 mentem
2142 3342 2349 3406 venit:
2431 3338 2596 3405 κατὰ

511 3443 727 3528 στίχον
774 3431 835 3525 ’ἢ
903 3440 1065 3506 κατὰ
1137 3441 1434 3527 στροφήν
1501 3446 1968 3529 oppositionem
2026 3464 2166 3510 esse
2228 3446 2594 3511 absurdam.

509 3549 696 3613 Adde
764 3550 971 3633 quod.
1000 3549 1258 3633 stropha
1319 3552 1727 3632 systematica
1786 3569 1920 3614 non
1980 3569 2187 3613 unum
2244 3551 2354 3616 sed
2409 3552 2598 3637 plura

511 3658 856 3736 systemata
914 3655 1340 3719 continentur.
1436 3652 1656 3731 Quum
1699 3655 1900 3739 igitur
1941 3653 2430 3735 Thrasymachei
2477 3658 2597 3725 cir-

508 3759 723 3823 cuitus
767 3757 1089 3823 breviores
1117 3759 1360 3824 fuerint
1391 3779 1588 3844 quam
1618 3758 1954 3823 Isocratei:
2004 3757 2279 3822 efficitur
2307 3760 2596 3845 strophas

505 3866 638 3927 tam
705 3863 932 3949 longas
998 3864 1234 3946 fuisse,
1312 3868 1389 3928 ut
1444 3864 1573 3928 hoc
1638 3864 1902 3928 nomine
1969 3864 2232 3927 omnino
2299 3864 2397 3928 uti
2462 3883 2595 3928 non

504 3967 741 4032 liceret.
863 3966 1096 4033 Contra
1183 3973 1614 4050 systematum
1687 3968 1791 4033 vel
1878 3968 2244 4052 longiorum
2318 3966 2595 4033 brevitas

503 4073 825 4157 praeclare
871 4075 1173 4138 convenit
1214 4075 1475 4157 periodo
1519 4072 1999 4155 Thrasymachi,
2046 4074 2181 4136 sive
2226 4077 2595 4157 anapaesto-

502 4196 650 4240 rum
718 4177 1162 4260 dimetrorum,
1244 4179 1380 4242 sive
1459 4178 1731 4242 aliorum
1809 4176 1983 4261 apud
2048 4174 2458 4241 Dindorfium
2521 4178 2593 4241 in

508 4280 747 4364 ,Mettis
791 4283 1080 4347 scenicis‘
1140 4302 1203 4364 p.
1255 4283 1358 4364 14,
1403 4303 1465 4365 p.
1515 4284 1622 4365 88,
1667 4302 1728 4366 p.
1783 4281 1925 4362 163,
1968 4301 2029 4365 p.
2078 4281 2229 4363 258,
2283 4285 2357 4345 ut
2404 4280 2594 4345 doch-

502 4388 856 4452 miacorum
935 4391 997 4451 et
1063 4386 1545 4468 dactylicorum.
1657 4385 1904 4471 Nempe
1974 4386 2089 4469 qui
2157 4382 2461 4470 σύστημα
2531 4390 2596 4449 et
