3099 5241
1270 426 1808 483 NECYOMANTIA.
2313 478 2320 487 .
2453 428 2584 483 LIII

496 602 791 686 Necyian
857 604 1063 668 ridere
1130 605 1384 669 videtur
1448 605 1518 667 in
1575 604 1830 669 Avibus
1897 626 1958 668 v.
2009 606 2179 672 1553
2248 626 2387 690 sqq.
2444 606 2585 669 loco

496 708 769 791 difficili,
850 727 1042 792 quem
1121 708 1202 772 ad
1267 709 1462 773 Arist.
1532 709 1909 795 Thesmoph.
1971 731 2035 796 p.
2082 711 2213 776 315
2280 710 2583 794 expedire

491 818 762 877 conatus
819 832 982 877 sum.
1077 811 1310 877 Contra
1376 813 1757 900 Ψυχαγωγοὶ
1815 815 2145 897 Aeschyli,
2210 816 2280 878 in
2344 814 2585 899 quibus

488 916 753 982 Homeri
824 917 1116 998 Necyian
1183 923 1446 982 secutus
1513 924 1675 1001 erat,
1755 920 1929 984 haud
2002 913 2197 983 dubie
2262 919 2586 1003 tragoedia

488 1022 728 1105 fuerat,
797 1024 966 1086 sicut
1030 1022 1112 1086 ad
1178 1023 1377 1087 Arist.
1441 1023 1604 1087 Ran.
1667 1044 1728 1086 v,
1779 1025 1947 1091 1266
2014 1045 2078 1110 p.
2127 1024 2253 1090 381
2325 1023 2587 1087 demon-

490 1128 702 1190 stravi.
793 1126 1089 1192 Sciebam
1147 1129 1284 1210 jam
1342 1133 1483 1192 tum
1542 1129 1764 1212 fuisse,
1834 1130 1948 1213 qui
2006 1124 2444 1214 Ψυχαγωγούς
2503 1127 2583 1191 ob

489 1233 762 1296 unicum
828 1233 1006 1295 hunc
1074 1252 1337 1297 versum
1404 1235 1527 1317 (ap.
1588 1234 1785 1298 schol.
1843 1234 1924 1298 ad
1987 1232 2218 1315 Odyss.
2268 1228 2341 1315 λ’,
2402 1234 2583 1314 134):

492 1332 702 1413 ,ὄνθῳ
749 1359 822 1398 σε
866 1333 1091 1416 πλήξει
1136 1331 1380 1418 νηδύος
1423 1334 1806 1424 χιλώιιιασιν(
1850 1342 2085 1402 temere
2146 1357 2260 1422 pro
2309 1338 2588 1401 dramate

488 1439 749 1505 haberet
793 1434 1092 1522 satyrico.
1179 1443 1270 1507 At
1317 1463 1523 1527 quum
1566 1445 1635 1506 in
1667 1443 1788 1506 hoc
1818 1461 2051 1526 genere
2084 1442 2309 1507 choros
2339 1462 2590 1527 semper

489 1545 620 1608 fere
663 1546 789 1630 ipsi
836 1547 1034 1627 satyri
1081 1552 1403 1630 canerent,
1447 1549 1516 1611 in
1564 1547 2002 1632 Psychagogis
2047 1548 2279 1611 chorus
2326 1566 2361 1611 e
2403 1546 2585 1610 lacus

489 1649 737 1713 Averni
782 1651 1036 1730 accolis,
1085 1653 1200 1736 qui
1246 1649 1691 1737 ψυχομὰντεις
1736 1657 1937 1734 erant,
1984 1653 2367 1716 constiterat.
2460 1649 2588 1715 Res

490 1773 574 1817 ex
641 1773 715 1818 eo
783 1775 977 1820 versu
1041 1757 1445 1842 intelligitur,
1516 1777 1711 1842 quem
1777 1758 2008 1822 chorus
2073 1759 2214 1841 ipse
2274 1757 2589 1821 cecinerat

487 1857 881 1923 Mercurium
950 1862 1277 1926 infernum
1343 1859 1484 1944 (τὸν
1546 1857 1957 1947 ψυχαγωγῶν)
2029 1863 2216 1946 quasi
2274 1882 2583 1946 proavum

491 1980 686 2026 suum
747 1983 1085 2048 venerans,
1148 1986 1243 2050 ap.
1288 1967 1487 2030 Arist.
1532 1965 1696 2030 Ran.
1745 1987 1809 2030 v.
1861 1967 2061 2032 1266:
2132 1963 2414 2047 ξΕρμᾶν
2460 1970 2589 2048 μὲν

489 2062 829 2150 πρόγονον
895 2069 1129 2151 «τίομεν
1194 2072 1382 2157 γένος
1451 2073 1513 2133 οἱ
1572 2072 1720 2152 περὶ
1776 2070 2072 2153 λίμναν,
2148 2090 2300 2135 cum
2357 2091 2486 2156 quo
2542 2071 2585 2134 l.

491 2172 776 2236 conferre
843 2172 992 2239 licet
1051 2175 1489 2257 Aeschyleum
1548 2175 1724 2239 Pers.
1773 2195 1833 2238 y.
1882 2175 2251 2257 628-682,
2317 2176 2389 2239 in
2458 2195 2587 2260 quo

489 2281 553 2339 et
616 2278 758 2361 ipso
826 2279 1057 2343 chorus
1124 2281 1616 2364 psychomantia
1683 2281 1905 2344 utitur.
2010 2280 2091 2343 In
2150 2281 2587 2365 Psychagogis

464 2380 771 2463 ‘primum
842 2384 961 2464 (uti
1007 2382 1474 2448 Valckenarius
1541 2386 1612 2448 in
1659 2383 1927 2449 Diatrib.
1991 2405 2053 2469 p.
2101 2385 2251 2467 286,
2321 2404 2356 2448 c
2400 2386 2587 2471 vidit)

489 2485 760 2551 Tiresias
791 2487 971 2551 Ulixi
1015 2490 1237 2553 mortis
1282 2509 1492 2573 genus
1539 2489 1619 2553 ab
1649 2489 1965 2574 Telegono
2010 2488 2141 2553 filio
2187 2491 2586 2555 imminentis

489 2590 925 2674 praedicebat·
1004 2591 1255 2660 Deinde
1301 2595 1396 2675 (ut
1434 2597 1565 2679 jam
1616 2594 1768 2659 olim
1813 2595 1854 2658 l.
1901 2594 1944 2658 1.
1990 2614 2053 2680 p.
2103 2594 2226 2661 381
2270 2595 2585 2680 judicavi)

489 2695 943 2782 Psychagogos
980 2702 1114 2764 veri
1163 2701 1370 2765 simile
1403 2705 1500 2765 est
1530 2699 1897 2765 horribilem
1932 2699 2256 2783 quandam
2279 2701 2587 2783 Aeschyli

489 2802 882 2885 tragoediam
948 2803 1148 2869 fuisse
1217 2806 1583 2871 Acheronta
1651 2805 1969 2868 moventis
2034 2823 2157 2869 nec
2222 2805 2408 2870 valde
2477 2806 2586 2869 ab·

490 2907 762 2971 similem
834 2910 927 2973 eis
997 2929 1165 2993 quae
1231 2915 1490 2975 exstant
1532 2908 2026 2974 Eumenidibus.
2117 2908 2242 2973 Sed
2300 2915 2375 2974 ut
2430 2911 2585 2975 haec

488 3012 814 3096 tragoedia
877 3013 1154 3078 Athenis
1222 3015 1366 3079 data
1433 3019 1597 3096 erat,
1666 3015 1755 3077 ita
1827 3014 2116 3097 plurimis
2183 3016 2373 3078 annis
2440 3021 2585 3099 post

486 3123 797 3201 regnante
833 3120 967 3201 jam
1014 3118 1376 3185 Ptolemaeo
1420 3119 1580 3203 Lagi
1639 3118 1679 3181 f.
1730 3119 1798 3183 id
1842 3129 1940 3183 est
1985 3138 2113 3182 non
2160 3125 2308 3184 ante
2353 3140 2407 3183 a.
2455 3121 2583 3186 306

490 3220 609 3303 (Ol.
661 3223 809 3304 118,
869 3224 933 3303 3)
1002 3223 1221 3288 Nicias
1287 3225 1494 3309 pictor
1558 3225 1799 3308 patriae
1867 3243 2023 3288 suae
2090 3223 2363 3289 Athenis
2432 3225 2582 3305 (heu

488 3329 765 3391 nimium
809 3328 935 3413 piis
952 3328 994 3412 !)
1055 3328 1338 3393 nobilem
1392 3328 1679 3393 tabulam
1738 3328 2019 3402 donavit,
2076 3335 2584 3411 necyomantean

489 3432 777 3514 Homeri,
849 3433 926 3496 de
995 3452 1125 3517 qua
1190 3434 1441 3517 pictura
1507 3433 1657 3497 vide
1718 3432 2005 3497 Plinium
2065 3432 2142 3497 N.
2197 3433 2282 3497 H.
2329 3432 2583 3498 XXXV

490 3557 625 3621 cap.
651 3536 746 3600 Xl
784 3538 997 3619 §132
1036 3540 1446 3622 Antipatrum
1474 3537 2031 3620 Anth01.1X‚702
2071 3543 2134 3602 et
2167 3537 2584 3604 Plutarchum

488 3641 632 3706 Non
694 3641 892 3706 Posse
963 3664 1008 3707 s.
1056 3663 1116 3705 v.
1165 3662 1215 3707 S.
1307 3643 1487 3728 Epic.
1539 3662 1592 3706 c.
1650 3644 1718 3708 11
1794 3643 2019 3707 collato
2079 3642 2325 3727 Silligio
2385 3642 2579 3708 Catal.

489 3746 677 3810 Artif.
730 3768 787 3831 p.
832 3748 977 3813 297.
1066 3748 1305 3812 Tamen
1352 3768 1479 3812 non
1528 3749 1618 3812 ita
1662 3748 1864 3812 multo
1909 3753 2053 3832 post
2097 3749 2582 3828 necyomantiae

489 3870 620 3914 non
679 3860 809 3915 tam
870 3872 1034 3917 usus
1093 3854 1500 3919 intermissus
1564 3872 1759 3937 quam
1805 3853 2149 3917 auctoritas
2192 3857 2257 3917 et
2302 3852 2582 3937 dignitas

488 3956 831 4021 imminuta
886 3963 1000 4024 est.
1095 3957 1312 4035 Quum
1374 3960 1544 4023 enim
1597 3957 1677 4021 ab
1722 3956 1904 4021 cultu
1951 3956 2215 4021 deorum
2260 3956 2341 4020 ad
2389 3977 2583 4042 quae·

491 4066 664 4125 stum
727 4068 790 4127 et
854 4063 1197 4146 lucellum,
1267 4063 1347 4128 ab
1416 4064 1752 4126 sanctitate
1807 4066 2028 4126 vatum
2095 4061 2178 4125 ad
2243 4081 2581 4146 magorum

487 4165 989 4232 fraudulentiam
1033 4187 1136 4232 res
1180 4168 1484 4232 redisset:
1528 4165 2019 4251 psychomantia
2064 4166 2306 4230 sensim
2349 4166 2582 4232 inrisui

489 4275 553 4335 et
611 4270 889 4336 ludibrio
945 4290 1085 4336 esse
1140 4272 1363 4356 coepit.
1452 4271 1640 4335 Adde
1700 4270 1874 4355 quod
1918 4276 2061 4355 post
2106 4291 2353 4335 annum
2397 4272 2580 4337 urbis

489 4375 615 4440 657
674 4382 930 4462 propter
983 4376 1145 4441 illud
1206 4376 1383 4461 quod
1441 4396 1636 4460 supra
1696 4376 1834 4439 dixi
1888 4379 2152 4440 senatus
2212 4375 2581 4441 consultum
