3099 5241
566 471 653 538 53
1385 477 1494 526 Λο
1502 476 1843 527 τ-ΚῙΑΝοτι·

566 642 897 710 ἀπέλαυον
942 652 1073 711 τῶν
1120 643 1394 742 ὁμοῇων,
1456 644 1670 729 ἡλίου,
1732 646 1966 732 φωτὸς,
2027 654 2313 733 τροφῆς·
2381 651 2449 712 αἱ
2493 640 2651 731 ὧραι

566 747 636 812 δὲ
697 752 764 812 αἱ
819 750 1035 827 αὐταὶ,
1109 753 1214 815 καὶ
1279 748 1359 815 τὰ
1425 752 1788 839 γιγνόμενα
1847 754 2112 818 ἅπαντα
2174 756 2316 835 ἑξῆς
2375 759 2650 817 ἕκαστον

566 853 781 936 ὥσπερ
842 853 1263 938 ἠκολούθουν
1317 852 1611 939 θάτερον
1669 859 1970 943 θατέρῳ·
2043 854 2465 941 ἐνεπλήσθην
2527 851 2649 921 οὖν

565 955 803 1024 αὐτῶν.
902 958 976 1024 οὐ
1021 958 1146 1047 γὰρ
1194 965 1263 1024 ἐν
1305 967 1392 1045 τῴ
1441 958 1611 1044 αὐτῷ
1661 960 1782 1038 ἀεὶ,
1845 959 2001 1026 ἀλλὰ
2060 967 2131 1026 ἐν
2174 969 2261 1049 τῷ
2307 973 2648 1048 μετασχεῖν

563 1064 820 1127 πολλῶν
863 1061 938 1128 τὸ
984 1061 1271 1147 τερπνὸν
1314 1059 1423 1149 ἦν.
1521 1066 1769 1131 MEN.
1866 1061 1934 1131 εὖ
1980 1067 2200 1153 λέγεις,
2254 1063 2300 1130 ὦ
2347 1067 2643 1150 Χείρων·

561 1161 641 1230 τοὶ
705 1170 772 1229 ἐν
835 1166 1002 1252 ᾅδου
1062 1168 1131 1233 δὲ
1187 1176 1326 1242 πῶς
1380 1171 1613 1253 φέρεις,
1687 1168 1803 1253 ἀφ’
1868 1164 1947 1234 οὗ
1992 1168 2435 1253 προελόμενος
2481 1169 2646 1235 αὐτοὶ

560 1270 773 1352 fjx-5133
877 1275 937 1338 2.
1031 1273 1296 1340 ΧΕῙΡ.
1395 1271 1511 1338 οὐκ
1582 1273 1819 1358 ἀηδῶς,
1895 1270 1940 1339 ὦ
1992 1278 2342 1340 Μένιππε·
2413 1274 2453 1358 ἡ
2521 1278 2645 1362 γάρ

563 1375 852 1458 ἰσοτιμία
899 1373 1081 1442 «πάνυ
1128 1376 1508 1462 δημοτικὸν,
1574 1380 1677 1441 καὶ
1722 1376 1797 1443 τὸ
1845 1385 2121 1467 πρᾶγμα
2171 1379 2360 1445 οὐδὲν
2408 1383 2528 1466 ἔχει
2570 1375 2646 1443 τὸ

562 1475 912 1564 διάφορον,
987 1486 1058 1546 ἐν
1118 1485 1278 1567 φωτὶ
1341 1482 1505 1548 εἶναι
1567 1482 1609 1567 ἢ
1671 1489 1741 1548 ἐν
1800 1480 2034 1562 σκότῳ·
2111 1483 2312 1558 ἄλλως
2365 1510 2435 1549 τε
2497 1481 2648 1548 οὔτε

557 1721 716 1791 ἡλίου
756 1741 842 1779 om
880 1725 945 1785 21.
1120 1726 1354 1796 τροφῆς]
1392 1727 1608 1795 τρυφῆς
1644 1726 1707 1785 21.
1887 1727 1951 1780 αἰ
1985 1719 2150 1800 ὧραι]
2191 1725 2257 1781 αἱ
2283 1743 2369 1781 om
2405 1725 2469 1784 21.

559 1808 623 1864 αἱ
672 1812 812 1879 (ante
870 1811 1057 1881 αὐταὶ)
1114 1828 1202 1867 om
1255 1828 1319 1881 pr
1365 1816 1430 1864 Ω.
1627 1812 1864 1884 ἅπαντα]
1920 1815 2097 1869 ταὺτα
2153 1816 2216 1874 21.
2414 1815 2647 1868 ἕκαστον

559 1893 766 1970 ὥσπερ]
815 1900 947 1954 haec
995 1916 1083 1953 om
1131 1898 1199 1960 Ἡ.
1380 1899 1803 1954 ἀκολουθοῦντα
1850 1904 1970 1957 edd.
2008 1905 2139 1957 vett.
2177 1905 2231 1957 et
2277 1903 2357 1956 Sic
2395 1906 2460 1965 Ω,
2514 1900 2645 1955 ἀκο-

556 1985 804 2040 λουθοῦν
838 1986 1068 2051 ΒΟΨΦ,
1109 1986 1205 2041 sed
1241 1986 1597 2055 ἠκολούθουν
1635 1988 1683 2046 ⁵21
1708 1991 1867 2057 recte,
1905 1992 1969 2043 ut
2003 1990 2133 2045 olim
2168 2006 2266 2059 ego
2302 1990 2642 2058 conjeceram.

555 2090 678 2126 nam
718 2074 903 2143 ὥσπερ
942 2075 996 2128 et
1031 2074 1294 2144 καθάπερ
1333 2075 1474 2144 apud
1509 2075 1701 2129 atticos
1740 2092 1895 2145 saepe
1932 2079 2016 2130 est
2064 2078 2419 2147 ,propemod0‚
2470 2075 2642 2146 quasi‘

555 2163 611 2214 et
643 2160 709 2214 ad
745 2177 859 2215 rem
894 2161 1039 2216 valet
1072 2162 1433 2219 minuendam.
1610 2164 1862 2232 θάτερον
1902 2169 2124 2233 θατέρῳ
2167 2165 2323 2223 ‹1221ss
2358 2167 2412 2219 et
2446 2182 2498 2231 v,
2548 2163 2642 2217 sed

553 2248 806 2319 θάτερον
840 2265 927 2303 om
963 2249 1131 2305 BO‘{¹.
1311 2254 1445 2321 γοῦν
1480 2250 1706 2314 ΒΟΨΦ,
1747 2252 1842 2305 sed
1877 2252 2020 2304 recte
2059 2244 2157 2304 οὖν
2183 2251 2284 2310 2152
2309 2269 2433 2305 cum
2450 2251 2642 2319 Voigt-

1337 2360 1415 2389 mv

552 2402 816 2459 laendero.
994 2406 1194 2476 αὐτῶν]
1236 2406 1381 2475 αὐτῷ
1424 2413 1474 2460 Φ
1500 2407 1703 2478 (omnia
1726 2425 1789 2477 pr
1812 2411 1901 2476 m).
2078 2403 2207 2480 γὰρ]
2245 2409 2351 2480 γὰρ
2378 2423 2638 2477 superscr.

555 2485 655 2545 οὖν
695 2500 744 2545 Ψ
776 2485 896 2561 (οὖν
933 2496 1138 2562 spectat
1170 2494 1236 2547 ad
1272 2494 1462 2563 priora,
1499 2496 1597 2550 ubi
1634 2489 1731 2549 οὖν
1765 2512 1860 2564 pro
1885 2497 2017 2567 γοῦν
2040 2495 2300 2566 restitui.)
2473 2494 2529 2548 ἐν
2564 2495 2639 2561 τῷ

556 2579 644 2634 ἀεὶ
681 2580 958 2645 ΒΟΦἋΨ,
1007 2582 1103 2636 sed
1143 2580 1200 2634 ἐν
1234 2583 1309 2649 τῷ
1352 2579 1496 2649 αὐτῷ
1538 2580 1627 2636 ἀεὶ
1667 2584 1715 2634 Ω
1751 2584 1806 2636 et
1840 2601 1876 2638 V
1912 2585 2069 2638 reete.
2142 2600 2268 2638 nam
2316 2582 2461 2652 αι’ντῷ
2509 2580 2644 2635 male

554 2668 868 2722 devoratum
903 2685 1023 2724 esse
1060 2669 1337 2737 superiore
1375 2668 1559 2722 αὐτῶν
1594 2686 1623 2722 e
1660 2670 1844 2724 codice
1878 2670 2016 2725 Flor.
2055 2671 2245 2726 elucet.
2312 2687 2441 2725 cave
2478 2669 2645 2738 igitur

553 2755 830 2823 suppleas:
872 2756 930 2808 ἐν
970 2759 1039 2824 τῷ
1081 2756 1167 2809 ἀεὶ
1209 2756 1445 2825 [ὁμοίῳ].
1628 2755 1760 2809 ἀλλὰ
1804 2755 1862 2810 έν
1896 2760 1970 2825 τῷ
2011 2757 2060 2816 21
2096 2761 2151 2811 et
2186 2759 2281 2826 qui
2322 2757 2429 2811 ἀλλ’
2474 2757 2530 2809 ἓν
2565 2758 2641 2823 τῷ

561 2847 660 2895 ΨΩ
694 2845 854 2911 recte,
895 2840 1032 2897 ἀλλὰ
1069 2852 1158 2895 καὶ
1200 2844 1257 2894 ἐν
1291 2847 1366 2910 τῷ
1404 2843 1506 2899 ΒΟ
1541 2846 1597 2897 et
1630 2844 1851 2897 fortasse
1892 2850 1960 2897 Φ.
2026 2847 2081 2898 at
2118 2851 2214 2898 καί
2246 2845 2400 2914 plane
2435 2845 2524 2897 hic
2561 2845 2647 2897 est

552 2930 859 2984 absurdum.
930 2930 990 2984 in
1033 2934 1083 2983 Ω
1118 2930 1242 2998 post
1278 2928 1386 2983 ἀλλ’
1415 2947 1519 2985 rec.
1559 2947 1675 2999 sup.
1716 2941 1825 2984 καὶ.
1995 2932 2120 2987 libri
2157 2938 2448 3000 μετασχεῖν
2484 2929 2638 2992 ὅλως,

550 3019 819 3072 mendose.
909 3019 964 3071 at
1009 3016 1121 3071 noli
1171 3018 1442 3071 demutare
1487 3024 1795 3086 μετασχεῖν,
1848 3019 1991 3087 quod
2039 3038 2071 3073 a
2118 3019 2387 3088 plerisque
2437 3017 2642 3072 criticis

549 3108 749 3160 temere
785 3105 1138 3159 adtrectatum
1174 3107 1273 3158 est.
1346 3104 1494 3159 solus
1530 3104 1871 3160 Wetstenius
1908 3125 1960 3160 v.
2001 3106 2139 3164 ὅλως
2175 3107 2486 3174 corruptum
2521 3119 2641 3156 esse

550 3193 693 3247 vidit
726 3192 970 3246 scribens
1004 3190 1125 3243 ille:
1161 3197 1451 3258 μετασχεῖν
1489 3190 1667 3245 ἄλλων
1702 3193 1879 3246 invita
1914 3193 2194 3248 sententia.
2268 3207 2430 3260 quare
2464 3207 2639 3244 meam

550 3296 647 3348 ego
684 3280 1074 3348 conjecturam:
1111 3284 1403 3347 μετασχεῖν
1437 3278 1659 3333 πολλῶν
1695 3297 1857 3348 supra
1889 3281 2122 3348 reposui.
2287 3282 2406 3338 πῶς
2442 3295 2528 3333 om
2572 3284 2634 3331 Ψ.

1039 3387 1157 3419 une

726 3437 936 3508 φέρεις]
975 3434 1261 3506 ἑπιφέρεις
1297 3434 1426 3507 (Sic)
1471 3441 1532 3489 Ψ.
1611 3435 1898 3507 έπιφέρεις
1932 3440 2017 3491 est
2050 3438 2168 3494 ποῖς
2206 3442 2412 3508 φέρεις,
2464 3436 2641 3505 glossa

549 3527 633 3579 est
671 3521 810 3579 εἶπέ.
2315 3591 2323 3600 ,

689 3617 737 3670 2.
813 3611 1087 3680 δημοτικὴ
1125 3609 1578 3680 ΒΟΞΙΦΨΜΩΨ,
1617 3608 1926 3682 δημοτικόν
1961 3612 2080 3666 edd.
2117 3613 2268 3680 vett„
2320 3612 2462 3680 quod
2499 3611 2639 3665 unde

548 3700 781 3770 petitum
830 3700 904 3753 sit
950 3700 1156 3768 nesci0‚
1210 3699 1313 3754 hoc
1362 3698 1475 3753 scio
1521 3697 1864 3753 retinendum
1910 3715 2045 3754 esse.
2116 3699 2260 3753 haud
2298 3699 2459 3753 dubie
2494 3699 2641 3752 enim

547 3788 625 3841 ita
671 3787 958 3856 scripserat
1000 3787 1301 3841 Lucianus:
1356 3816 1424 3825 —
1475 3785 1619 3839 πάνυ
1678 3785 1985 3855 δημοτικὸν
2037 3789 2270 3856 πρᾶγμα
2325 3797 2417 3840 καὶ
2476 3784 2640 3839 οὐδὲν

550 3877 659 3943 ἔχει
694 3906 779 3944 —-‚
818 3891 952 3944 quae
988 3873 1289 3928 emendatio
1326 3889 1434 3926 non
1469 3873 1608 3926 mihi
1645 3875 1739 3927 sed
1775 3873 1873 3927 uni
1890 3873 2448 3929 Hemsterhusio·tota
2479 3872 2637 3926 debe-

546 3965 651 4031 tur,
686 3962 817 4017 licet
849 3962 937 4016 vir
972 3976 1218 4015 summus
1258 3957 1566 4029 δημοτικὸν
1600 3963 1664 4015 τὸ
1702 3964 1934 4032 πρᾶγμα
1968 3961 2260 4030 scripserit.
2333 3962 2433 4015 sed
2456 3961 2640 4014 utrum

548 4050 826 4117 articuluS,
864 4050 1048 4102 utrum
1088 4048 1155 4102 ἂν
1190 4048 1281 4102 vel
1314 4050 1371 4118 γὲ
1410 4065 1516 4102 non
1551 4049 1683 4102 bene
1720 4049 1985 4116 deessent,
2023 4066 2091 4102 an
2125 4048 2261 4102 male
2292 4047 2637 4114 abundarent,

546 4140 668 4191 tum
701 4137 762 4191 in
793 4137 939 4191 haud
975 4152 1166 4205 magno
1202 4135 1330 4203 poni
1368 4135 1573 4189 solebat
1607 4136 1935 4190 discrimine.
2007 4135 2422 4190 Hemsterhusio
2470 4133 2635 4187 mihi-

547 4241 652 4294 que
686 4225 868 4279 favent
903 4223 1058 4278 attici
1093 4222 1248 4277 velut
1279 4221 1564 4276 Philemon
1601 4238 1647 4276 c.
1673 4238 1754 4291 ap.
1782 4223 1977 4277 Athen.
2003 4222 2147 4276 XIH
2181 4240 2232 4292 p.
2253 4227 2355 4280 569
2382 4222 2417 4275 d
2454 4222 2528 4289 (v.
2549 4219 2634 4290 3):

548 4310 874 4381 δημοτικὸν,
919 4303 961 4363 οἶ
983 4312 1111 4373 Ζεῦ,
1151 4312 1383 4380 πρᾶγμα
1413 4339 1498 4366 -.
1679 4306 1846 4363 οὐδὲν
1881 4310 1993 4377 ἔχει
2026 4312 2091 4364 τὸ
2132 4308 2434 4378 διάφορον]
2474 4305 2638 4361 οὐδέν

545 4398 719 4452 κακὸν
757 4398 900 4465 ἔχει·
948 4398 1012 4451 τὸ
1055 4394 1114 4450 δὲ
1155 4394 1441 4467 διάφορον
1476 4396 1542 4454 ⁸21.
1619 4400 1674 4451 at
1720 4397 1853 4451 bene
1889 4396 2261 4452 Lehmannust
2314 4394 2480 4450 οὐδὲν
2528 4396 2637 4463 ἔχει

549 4483 851 4556 διάφορον,
899 4485 963 4539 τὸ
1002 4514 1087 4539 -.
1283 4483 1342 4538 έν
1380 4486 1544 4555 φωτὶ]
1598 4484 1656 4538 ἐν
1700 4486 1775 4553 τῷ
1823 4495 1967 4556 φωτὶ
2004 4483 2162 4543 ΣΠΩΨ
2193 4483 2313 4540 soli.
2504 4482 2545 4552 ἢ
2580 4481 2638 4536 ἐν
