3099 5241
1243 378 1934 436 PSEUDOLUCIANEIS.
2439 379 2629 434 LXXI

543 578 749 641 quum
827 562 996 623 totae
1076 558 1483 641 quaestiones
1563 556 1897 621 scribendo
1980 557 2413 641 explicantur:
2496 561 2626 621 est

539 663 758 727 enim
803 661 1312 726 admirabilis
1359 662 1748 745 quaedam
1793 661 2300 727 continuatio
2347 661 2625 726 series-

540 786 687 850 que
729 786 1026 849 rerum,
1072 771 1160 830 ut
1205 767 1358 830 alia
1402 785 1496 830 ex
1540 766 1696 830 alia
1739 786 1941 831 nexa
1985 770 2060 830 et
2104 785 2371 830 omnes
2416 766 2626 830 inter

538 891 621 935 se
666 876 901 955 aptae
948 871 1565 956 colligataeque
1610 870 2110 936 videantur‘.
2200 870 2300 933 Ac
2342 869 2623 936 Tullium

538 976 799 1059 quidem
858 995 1046 1040 nemo
1102 976 1522 1060 reprehendet
1576 976 1908 1040 verissima
1971 973 2351 1058 professum,
2419 995 2622 1059 quum

536 1098 758 1144 omnes
824 1085 1036 1164 partes
1100 1081 1540 1165 phiiosophiae
1606 1079 1967 1145 admirabili
2034 1077 2313 1162 quadam
2376 1079 2620 1144 ratione

535 1184 702 1248 inter
747 1203 815 1249 se
862 1204 1190 1249 connexae
1222 1185 1369 1249 sint.
1436 1186 1526 1248 At
1569 1204 1721 1249 vero
1770 1184 1848 1249 de
1892 1183 2164 1248 satiricis
2208 1182 2620 1266 scriptoribus

532 1288 809 1371 profecto
867 1309 999 1353 non
1059 1290 1233 1354 idem
1295 1289 1468 1373 quod
1530 1289 1608 1353 de
1663 1288 2055 1374 philosophis
2110 1287 2457 1353 tenendum
2505 1293 2618 1370 est,

535 1391 647 1456 sed
722 1413 983 1476 prorsus
1042 1394 1213 1458 valet
1280 1395 1689 1458 contrarium.
1803 1392 1983 1457 Certe
2050 1391 2342 1475 singulae
2405 1396 2615 1476 partes

530 1497 1051 1582 uniuscujusque
1108 1498 1308 1562 libelli
1367 1504 1510 1582 apte
1564 1500 1734 1562 inter
1792 1517 1860 1562 se
1922 1497 2296 1561 cohaereant
2354 1514 2616 1561 necesse

529 1606 656 1665 est:
718 1621 931 1686 neque
987 1604 1159 1668 enim
1222 1604 1461 1666 satirici
1520 1602 1875 1668 delirabant
1930 1601 2041 1666 sed
2086 1605 2301 1664 mente
2343 1599 2613 1684 praediti

529 1710 708 1769 erant
753 1707 1108 1771 sanissima.
1177 1707 1522 1779 Enimvero
1567 1707 1819 1771 Bekker
1863 1725 1996 1770 non
2041 1704 2122 1770 de
2164 1723 2297 1768 uno
2341 1700 2612 1768 Luciani

525 1809 740 1874 libello
786 1812 1002 1875 nescio
1051 1831 1180 1895 quo
1226 1812 1338 1876 sed
1394 1812 1473 1877 de
1532 1812 1825 1876 omnium
1881 1811 2042 1874 serie
2085 1809 2374 1893 loquitur
2417 1813 2611 1892 atque

524 1914 595 1979 in
651 1915 954 1980 omnibus
1007 1917 1174 1980 inter
1233 1935 1301 1980 se
1358 1918 1719 2000 conjunctis
1777 1914 2214 1980 admirabilem
2285 1912 2604 1997 quandam

527 2020 1074 2085 continuationem
1154 2020 1278 2084 sibi
1356 2020 1612 2085 videtur
1684 2022 2123 2105 investigasse.
2253 2016 2392 2093 Quo
2475 2036 2606 2082 uno

522 2121 941 2189 fundamento
1005 2124 1210 2190 locato
1275 2123 1640 2190 Lucianum
1706 2145 1901 2210 prope
1967 2130 2172 2189 totum
2240 2143 2279 2186 a
2345 2121 2606 2187 sedibus

524 2227 717 2293 audet
760 2229 1095 2293 invertere.
1162 2230 1253 2293 At
1281 2229 1574 2294 Bekkero
1607 2231 1845 2294 satirici
1876 2230 2214 2312 scriptores
2244 2231 2608 2311 repugnant

522 2332 604 2397 ad
664 2353 872 2397 unum
929 2353 1173 2416 omnes,
1228 2333 1555 2417 HoratiuS,
1614 2335 1899 2416 PersiuS‚
1954 2333 2313 2398 Petronius.
2413 2330 2603 2395 Adde

521 2438 713 2501 etiam
741 2437 784 2500 J
790 2439 1148 2521 uvenalem,
1181 2440 1297 2522 qui
1322 2441 1532 2523 primo
1562 2439 1727 2503 libro
1756 2439 1811 2514 Ι,
1842 2441 1928 2504 85
1958 2459 2053 2523 sq.
2089 2437 2310 2503 scribit
2341 2435 2600 2500 diserte:

523 2542 861 2627 ,quidquid
907 2547 1109 2628 agunt
1153 2544 1465 2627 homineS,
1519 2549 1742 2608 votum
1799 2546 1989 2608 timor
2044 2544 2138 2606 ira
2199 2542 2514 2625 voluptaS‚
2554 2539 2563 2624 Ι

517 2648 754 2730 gaudia
799 2648 1130 2713 discursus
1174 2651 1378 2713 nostri
1421 2650 1670 2734 farrago
1714 2649 1916 2715 libelli
1959 2651 2090 2714 est‘.
2170 2646 2599 2723 Quamobrem

517 2771 707 2817 nemo
752 2753 1110 2836 mirabitur,
1157 2754 1327 2839 quod
1358 2753 1671 2837 Bekker0‚
1719 2756 1832 2839 qui
1877 2754 1956 2819 ab
2001 2761 2132 2818 tam
2177 2753 2352 2817 falsis
2396 2753 2599 2817 initiis

515 2857 834 2941 profectus
891 2864 1051 2942 erat,
1109 2859 1289 2923 nulla
1339 2858 1471 2924 fere
1526 2878 1612 2924 ex
1665 2867 1843 2944 parte
1885 2858 1957 2922 in
1999 2856 2286 2922 Luciano
2334 2859 2600 2941 contigit

515 2981 743 3028 verum
789 2970 851 3028 et
895 2970 1139 3029 certum
1182 2963 1544 3028 libellorum
1590 2964 1876 3030 ordinem
1917 2963 2267 3028 restituere.

602 3089 609 3096 ·
687 3066 868 3132 Haec
928 3071 1144 3133 omnia
1199 3068 1385 3133 nobis
1443 3070 1909 3153 praemittenda
1966 3073 2165 3150 erant,
2228 3076 2301 3133 ut
2352 3069 2456 3132 via
2515 3068 2595 3132 ad

514 3191 620 3237 eas
684 3192 788 3237 res
855 3175 1235 3256 muniretur,
1305 3174 1383 3239 de
1444 3165 1684 3259 quibus
1754 3174 2061 3239 disserere
2127 3174 2247 3239 hoc
2313 3179 2594 3257 tempore

512 3279 962 3361 proposuimus
1016 3279 1083 3343 id
1142 3285 1237 3344 est
1293 3279 1371 3344 de
1429 3278 1611 3345 libris
1660 3282 1773 3365 qui
1825 3281 1994 3344 inter
2035 3277 2395 3345 Lucianeos
2439 3283 2594 3344 sunt

510 3382 1097 3468 pseudepigraphis.
1189 3383 1468 3449 Omnino
1512 3387 1634 3449 hoc
1679 3386 1932 3450 criticae
1984 3404 2193 3469 genus
2248 3389 2380 3449 tam
2427 3383 2591 3448 diffi-

511 3487 630 3552 cile
686 3494 782 3552 est
824 3494 1096 3573 tamque
1151 3490 1552 3576 ambiguum,
1610 3497 1688 3555 ut
1743 3512 1877 3556 non
1929 3490 2119 3555 modo
2177 3491 2415 3555 summi
2471 3490 2591 3554 viri

509 3593 727 3657 crebro
773 3594 938 3658 inter
981 3613 1049 3659 se
1095 3594 1494 3679 dissentiant,
1538 3616 1765 3661 verum
1804 3596 1996 3662 etiam
2026 3595 2233 3661 eidem
2262 3595 2589 3660 interdum

508 3697 721 3761 addito
767 3703 1045 3783 tempore
1090 3698 1169 3765 ab
1214 3705 1415 3767 semet
1457 3703 1617 3785 ipsis
1660 3701 1959 3765 deficiant
1988 3705 2181 3785 atque
2212 3700 2584 3765 desciscant.

506 3799 853 3867 Enimvero
897 3804 967 3867 in
1014 3805 1297 3870 Luciano
1342 3806 1499 3871 haec
1543 3806 1899 3871 obscuritas
1942 3826 2016 3870 eo
2061 3811 2352 3890 augetur,
2414 3805 2586 3889 quod

507 3907 625 3970 etsi
670 3908 1028 3993 complures
1069 3910 1322 3975 libellos
1354 3916 1601 3976 constat
1631 3914 1883 3995 spurios
1921 3930 2081 3994 esse,
2123 3910 2584 3975 nonnullorum

505 4015 718 4075 tamen
761 4011 921 4078 fides
966 4016 1281 4098 ejusmodi
1336 4021 1451 4098 est,
1510 4021 1585 4080 ut
1628 4016 1770 4080 aliis
1825 4015 2060 4080 criticis
2117 4016 2387 4099 genuini
2442 4015 2583 4081 aliis

504 4119 787 4200 suspecti
831 4119 971 4183 aliis
1028 4119 1306 4205 denique
1365 4121 1708 4186 adulterini
1767 4140 1908 4186 esse
1950 4120 2309 4184 videantur.
2398 4118 2582 4185 Duae

501 4223 716 4285 tamen
774 4241 878 4287 res
940 4223 1398 4291 dubitationem
1459 4234 1742 4290 nostram
1801 4244 1978 4290 nunc
2031 4224 2215 4291 valde
2274 4225 2583 4289 minuunt

502 4345 682 4390 nuno
739 4328 974 4392 tollunt
1028 4330 1308 4413 penitus,
1367 4331 1563 4396 altera
1619 4331 1792 4415 quod
1849 4329 1996 4394 libri
2055 4337 2226 4396 certo
2268 4330 2579 4397 Lucia-nei
