3099 5241
1181 1330 1805 1464 Praefatio,

1385 1613 1595 1623 -————

655 1746 747 1867 ln
789 1802 911 1868 hoo
933 1800 1200 1867 Luoiani
1244 1799 1570 1865 volumine
1615 1801 1682 1864 et
1716 1799 1784 1865 in
1819 1800 2086 1884 reliquis
2122 1819 2283 1885 quae
2328 1801 2536 1869 adhue

441 1925 694 1988 restant
718 1923 915 1988 etiam
936 1922 1393 1989 vaticanorum
1439 1920 1730 1989 eodioum
1763 1921 1952 1987 unius
1984 1922 2345 2005 pluriumve
2380 1942 2533 1990 oon-

440 2044 688 2110 latione
732 2044 831 2109 uti
873 2043 1091 2110 liouit:
1150 2043 1228 2107 de
1273 2060 1397 2125 quo
1442 2042 1736 2109 oodioum
1779 2060 2010 2125 genere
2055 2042 2225 2110 infra
2269 2045 2534 2111 seorsim

441 2167 813 2247 exponetur.
904 2164 1071 2247 quod
1116 2165 1198 2230 ad
1257 2165 1542 2230 caeteros
1588 2162 1839 2228 codices
1891 2164 2158 2244 adtinet,
2220 2165 2297 2230 de
2343 2166 2533 2246 ,Deo-

440 2303 593 2350 rum
611 2285 948 2370 Dialogis‘‚
994 2285 1102 2368 qui
1145 2284 1250 2351 hio
1275 2285 1572 2368 primum
1604 2284 1820 2350 looum
1864 2284 2154 2351 obtinent
2192 2304 2533 2370 eorumque

437 2405 630 2472 libris
691 2406 946 2489 seriptis
1005 2405 1073 2470 in
1135 2407 1348 2472 adnot.
1403 2405 1626 2473 eritioa
1682 2424 1745 2488 p.
1792 2405 1835 2470 3
1896 2406 2055 2473 satis
2111 2405 2354 2473 dietum
2414 2411 2529 2474 est.

437 2529 587 2592 tum
632 2526 976 2595 eorundem
1031 2526 1320 2593 eodioum
1375 2544 1530 2591 usus
1587 2525 1655 2591 in
1711 2526 2024 2612 ‚Dialogis
2066 2526 2356 2593 Marinis‘
2414 2545 2531 2611 pa-

437 2649 592 2728 tuit,
638 2651 1086 2731 praeterquam
1143 2649 1311 2731 quod
1354 2647 1793 2713 Parisinorum
1837 2649 2018 2715 oodd.
2064 2666 2228 2715 nova
2273 2668 2530 2733 eompa-

435 2769 693 2835 ratione
735 2769 841 2835 hio
886 2769 1062 2834 earui
1116 2787 1438 2852 unumque
1486 2769 1668 2851 sequi
1710 2766 2021 2857 Belinum
2062 2773 2322 2836 coaetus
2368 2789 2527 2838 sum.

437 2892 701 2955 transeo
748 2889 829 2955 ad
875 2889 1389 2969 ‚Prometheum‘‚
1448 2890 1516 2955 in
1562 2907 1687 2972 quo
1732 2906 1858 2954 uno
1903 2888 2158 2975 dialogo
2203 2890 2529 2957 Vindobo-

438 2983 660 3093 nensis
723 3010 847 3076 123
894 2982 1009 3094 (B)‘
1063 3010 1348 3076 omnium
1405 3009 1520 3074 ille
1581 3008 2064 3092 antiquissimus
2117 3010 2214 3076 ita
2274 3011 2529 3094 eminet,

436 3134 514 3197 ut
561 3132 644 3196 ad
686 3130 858 3196 huno
901 3131 1175 3196 maxime
1234 3130 1419 3214 quasi
1475 3130 1770 3215 regulam
1822 3129 2069 3213 judicia
2113 3133 2332 3198 nostra
2375 3132 2527 3198 diri-

438 3252 655 3338 genda
699 3252 846 3318 sint.
936 3269 1087 3320 nam
1140 3270 1254 3335 pro
1311 3251 1600 3335 vulgata,
1656 3267 1818 3333 quae
1875 3267 2064 3333 saepe
2123 3251 2374 3319 vitiosa
2412 3257 2528 3333 est,

437 3374 493 3438 B
542 3373 921 3456 plerumque
966 3372 1314 3456 scripturas
1361 3371 1616 3437 exhibet
1649 3370 2037 3451 verissimas,
2082 3390 2352 3455 quarum
2380 3392 2529 3457 pars

438 3494 724 3561 maxima
759 3493 900 3577 Jam
944 3493 1024 3562 ab
1072 3494 1219 3560 aliis
1260 3492 1610 3559 editoribus
1632 3491 1796 3558 bene
1839 3496 2096 3576 recepta
2142 3497 2257 3560 est.
2348 3495 2526 3578 equi-

440 3616 590 3680 dem
633 3615 796 3680 meis
833 3615 1013 3682 eodd.
1060 3633 1214 3682 usus
1258 3634 1405 3681 sum
1449 3613 1716 3692 duobus,
1761 3613 2133 3681 Florentino
2179 3632 2341 3681 saec.
2367 3614 2527 3682 XIII

442 3733 567 3821 (Φ)
611 3738 677 3802 et
720 3735 831 3819 qui
889 3735 1210 3819 antiquior
1270 3739 1369 3802 est
1411 3734 1724 3801 Vaticano
1768 3734 1853 3800 87
1902 3732 2012 3819 (Ξῖ)
2073 3753 2150 3802 ao
2198 3739 2528 3819 praeterea

439 3856 768 3923 Marciano
812 3856 945 3923 434
990 3854 1125 3942 (Ω)
1183 3874 1282 3941 ap.
1328 3855 1943 3925 Sommerbrodtium
2002 3854 2097 3941 (in
2146 3856 2524 3937 ,Lnoianeis‘

439 3996 502 4060 p.
547 3977 590 4043 3
635 3976 821 4062 sqq).
911 3978 1167 4044 omnino
1224 3980 1291 4043 et
1350 3977 1762 4046 Florentinus
1804 3976 2296 4061 Marcianusque
2354 3978 2524 4046 haud

440 4098 534 4164 ita
575 4116 718 4174 raro
764 4100 830 4164 et
872 4098 1081 4182 magis
1125 4098 1476 4165 Vaticanus
1537 4117 1686 4164 eum
1736 4098 1953 4184 oodioe
1997 4098 2051 4163 B
2100 4099 2524 4185 consentiunt,

441 4221 515 4284 ut
556 4221 774 4285 tamen
817 4219 887 4285 hi
929 4238 1150 4286 omnes
1185 4238 1373 4304 saepe
1417 4219 1578 4286 vitia
1610 4222 1875 4288 teneant
1896 4219 2220 4304 vulgatae.
2309 4221 2524 4304 itaque
2548 4263 2568 4282 .

443 4340 732 4408 oodioum
776 4358 916 4424 ope,
975 4339 1216 4424 absque
1259 4359 1387 4410 uno
1431 4342 1487 4406 B
1534 4343 1727 4422 esset,
1784 4340 1891 4407 hio
1935 4342 2106 4407 eerte
2148 4339 2412 4409 libellus
2456 4341 2524 4406 in
