3099 5241
664 471 787 536 144
1471 471 1930 525 AOTKJANOT

655 648 971 731 χειμῶνος
1044 641 1465 729 ἀνυπόδητός
1538 670 1613 710 τε
1676 645 1782 709 καὶ
1848 643 2226 733 ἡμίγυμνος
2292 637 2768 728 περινοστήσω

517 743 809 819 643‘10139
864 743 1144 822 ὀδόντας
1211 751 1245 788 *
1311 747 1444 816 ὑπὸ
1503 756 1620 815 τοῦ
1682 746 1919 833 κρύους
1979 754 2366 837 συγκροτῶν.
2461 745 2576 820 τίς
2638 742 2767 828 ἄρα

654 874 794 936 μου
871 849 996 935 τὴν
1076 854 1314 939 σμίλην
1397 859 1515 931 ἕξει
1598 856 1705 919 καὶ
1786 851 1862 920 τό
1930 850 2394 938 κεντητήριονς
2512 850 2762 917 ΕΡΜ.

658 959 889 1030 ἱκανῶς
924 954 1362 1041 τεθρήνηται·
1414 957 1640 1047 σχεδὸν
1677 958 1747 1023 δὲ
1780 957 1908 1042 ἤδη
1948 959 2051 1022 καὶ
2087 950 2763 1036 καταπεπλεῦκαμεν.

655 1062 759 1128 21.
849 1061 1076 1129 ΧΑΡ.
1173 1061 1288 1149 ἄγε
1349 1061 1429 1147 δὴ
1490 1061 1573 1128 τὰ
1635 1069 1978 1147 πορθμεῖα
2041 1069 2305 1146 πρῶτον
2357 1058 2528 1145 ἡμῖν
2585 1054 2770 1122 ἀπὸ·

657 1158 839 1230 δότε·
910 1166 1015 1230 καὶ
1063 1164 1139 1232 οὐ
1189 1168 1258 1233 δὲ
1304 1164 1453 1241 δός·
1524 1165 1706 1253 παρὰ
1752 1164 2023 1233 πάντων
2066 1165 2196 1251 ἤδη
2244 1163 2397 1254 ἔχω·
2464 1162 2595 1236 δὸς
2658 1158 2770 1226 καὶ

657 1269 739 1334 σύ
780 1268 900 1336 τὸν
946 1268 1203 1354 ὀβολὸν,
1256 1268 1303 1335 ὦ
1352 1271 1656 1339 Μίκυλλε.
1754 1273 1974 1338 ΜΙΚ.
2071 1271 2340 1350 παίζεις,
2386 1263 2761 1352 ὦΧάρων,

653 1371 697 1455 ἢ
742 1373 905 1439 καθ’
954 1375 1217 1452 ὕδατος,
1268 1377 1450 1459 φασὶ,
1499 1374 1787 1464 γράφεις,
1850 1373 2031 1462 παρὰ
2079 1373 2417 1442 Μικύλλου
2463 1370 2552 1458 δὴ
2609 1393 2766 1436 τινα

656 1476 894 1564 ὀβολὸν
939 1478 1347 1565 προσδοκῶν.
1444 1478 1646 1569 ἀρχὴν
1706 1479 1776 1545 δὲ
1834 1479 1972 1546 οὐδ’
2027 1478 2174 1545 οἶδα
2220 1482 2292 1545 «εἰ
2332 1471 2767 1566 τετράγωνόν

655 1687 819 1758 ΑἙῺ)
874 1689 1115 1757 ἑσπέραν
1179 1689 1371 1748 QIAFQ
1423 1692 1479 1744 et
1529 1708 1584 1758 v,
1653 1690 1756 1748 ἕως
1808 1691 2043 1760 ἑσπέρας
2106 1695 2173 1742 Φ.
2390 1683 2763 1752 ἀνυπόδητος

655 1775 907 1845 ΑἙΩΟῙ),
957 1774 1264 1835 ἆνπόὃετος
1309 1777 1414 1836 ἓῐΦ
1461 1779 1516 1832 et
1559 1796 1611 1832 v.
1801 1778 2115 1849 συγκροτῶν
2148 1777 2276 1832 libri
2313 1791 2514 1832 omnes.
2597 1771 2760 1827 attici

656 1863 846 1917 dicunt
892 1865 968 1917 τιὺ
1004 1869 1152 1932 χεῖρε
1195 1870 1515 1935 συγκροτεῖν
1559 1880 1751 1919 manus
1789 1864 2138 1934 complodere,
2190 1864 2284 1918 sed
2326 1862 2590 1917 (lentibus
2629 1875 2758 1928 prae

655 1952 732 2004 im
773 1951 1011 2005 frendere
1056 1955 1245 2021 πριέιν
1294 1974 1341 2011 τ.
1398 1952 1448 2005 ὀ.
1499 1954 1555 2005 et
1602 1968 1723 2021 prae
1771 1954 1921 2006 metu
1967 1953 2055 2007 vel
2097 1952 2290 2021 frigore
2339 1951 2572 2005 stridere
2624 1946 2760 2003 τοὺς

655 2035 890 2096 ὀδόντας
916 2038 1252 2110 συγκροὺειν.
1309 2057 1434 2109 ergo
1466 2040 1558 2093 hic
1594 2041 1877 2108 exspectes
1917 2040 2021 2094 ὑπὸ
2048 2041 2145 2093 τοῦ
2175 2040 2372 2108 κρύους
2398 2035 2750 2108 συγκροῦων,

656 2142 791 2195 quae
838 2126 1040 2195 optima
1086 2128 1389 2197 conjectura
1422 2128 1518 2195 ‘est
1562 2120 1788 2179 Mehleri
1837 2127 1896 2179 in
1943 2126 2201 2182 MnemoS.
2241 2126 2299 2179 H
2348 2142 2400 2194 p.
2422 2131 2524 2197 59,
2584 2137 2754 2192 quam

656 2212 889 2268 Cobetus
940 2214 1000 2268 in
1036 2214 1101 2268 V.
1137 2214 1199 2268 L.
1247 2231 1298 2283 p.
1336 2219 1438 2272 239
1490 2213 1761 2283 repetivit.
1853 2224 2081 2282 quorum
2133 2214 2324 2267 neuter
2376 2212 2583 2282 gemini
2642 2208 2754 2264 loci

654 2300 966 2355 meminerat
1000 2301 1059 2354 in
1092 2302 1227 2357 Jove
1263 2301 1344 2354 Tr.
1399 2307 1496 2358 45:
1536 2305 1851 2371 συγκροτεῖς
1885 2301 2014 2358 τοὺς
2051 2298 2286 2358 ὀδόντας
2324 2300 2429 2354 ὑπὸ
2468 2301 2569 2352 τοῦ
2611 2293 2749 2365 τρό-

654 2409 783 2457 μου,
831 2388 926 2441 ubi
963 2388 1161 2457 pariter
1192 2388 1321 2442 libri
1356 2387 1717 2443 consentiunt.
1791 2403 1916 2441 sane
1951 2387 2068 2441 fieri
2114 2389 2307 2457 potest,
2355 2388 2420 2441 ut
2453 2385 2748 2453 utrobique

658 2475 980 2546 συγκρούειν
1030 2476 1314 2546 legendum
1366 2475 1453 2529 sit.
1543 2477 1599 2528 at
1651 2491 1820 2543 quum
1874 2475 1939 2529 de
2001 2475 2266 2530 seriorum
2328 2492 2438 2530 usu
2498 2472 2747 2530 noudum

655 2564 878 2633 constet,
926 2562 984 2617 id
1032 2564 1173 2634 quod
1221 2562 1425 2616 altioris
1472 2562 1744 2632 indaginis
1792 2564 1907 2631 est,
1959 2565 2022 2616 ut
2068 2579 2124 2616 re
2171 2563 2376 2616 incerta
2426 2554 2750 2633 συγκροτῶν

655 2651 873 2705 interim
931 2651 1160 2706 servavi.
1371 2651 1754 2719 κεντητήριον]
1782 2681 1787 2688 -
1817 2672 2111 2721 κεντηριον
2159 2650 2223 2708 21.
2314 2649 2550 2704 similem
2610 2643 2745 2701 alibi

591 2777 602 2796 .
656 2738 1124 2808 complorationem
1157 2739 1433 2808 habemuS‚
1469 2738 1549 2791 De
1574 2737 1760 2791 Luctu
1785 2743 1866 2796 17.
2044 2736 2243 2794 ἱκανῶς
2265 2768 2333 2777 —
2359 2730 2742 2790 καταπεπλεύ-

655 2824 852 2895 καμεν]
899 2826 1029 2879 haec
1076 2824 1242 2893 priori
1287 2841 1541 2893 personae
1591 2823 1971 2879 continuantur
2017 2824 2076 2878 in
2113 2824 2262 2883 214>F
2305 2822 2360 2879 et
2394 2842 2449 2892 v,
2501 2822 2743 2892 spatium

655 2929 888 2967 vacuum
910 2914 1030 2966 ante
1056 2910 1253 2970 ἱκανῶς
1276 2911 1332 2965 in
1358 2929 1404 2981 a,
1442 2913 1535 2966 sed
1560 2912 1822 2981 praeclare
1853 2918 2022 2966 EPM.
2056 2910 2253 2970 ἱκανῶς
2276 2912 2326 2965 Α
2351 2928 2476 2965 cum
2500 2906 2739 2965 Struvio.

830 2997 1046 3069 ἱκανῶς]
1084 2997 1261 3057 καλῶς
1293 2999 1360 3053 D.
1533 2994 1615 3071 δὲ]
1653 3000 1758 3071 γὰρ
1798 3000 1864 3068 21,
1903 3000 1997 3069 qui
2033 3017 2161 3055 mox
2195 2996 2736 3065 κατεπεπλευκαμεν.

792 3091 877 3144 21.
949 3085 1210 3155 παρ’θμιά
1240 3085 1337 3139 ΦῈ
1358 3088 1415 3140 et
1437 3105 1489 3156 v,
1526 3092 1790 3157 πορθμῖα
1810 3091 1877 3150 Ω,
1916 3090 2180 3156 πορψθμια
2202 3085 2269 3147 21,
2309 3086 2406 3140 sed
2440 3085 2737 3154 πορθμεῖα

653 3176 720 3227 A.
911 3173 1046 3242 ἡμῖν
1094 3189 1179 3227 om
1216 3174 1266 3227 A
1302 3173 1464 3228 solus,
1659 3184 1752 3228 καὶ
1791 3175 1852 3227 σὺ
1894 3173 1953 3228 δὲ
1994 3171 2090 3231 δὸς
2125 3173 2174 3231 21
2218 3175 2273 3227 et
2306 3175 2360 3240 v'‚
2407 3180 2498 3224 καὶ
2538 3172 2601 3224 σὺ
2643 3166 2739 3225 δὸς

657 3260 870 3315 ΦΑΓΩ.
1024 3256 1133 3326 ἤδη
1174 3262 1274 3328 ἔχω
1315 3261 1420 3319 ἨΦ
1453 3264 1510 3315 et
1542 3280 1596 3332 v,
1633 3260 1741 3330 ἤδη
1780 3263 1880 3316 τὸν
1916 3259 2122 3331 ὀβολὸν
2157 3261 2257 3327 ἔχω
2296 3258 2555 3327 ΑΟΕΩΜ,
2593 3253 2735 3327 quod

656 3349 887 3403 Cobetus
923 3348 981 3401 in
1016 3347 1084 3400 V.
1121 3346 1183 3400 L.
1218 3365 1270 3417 p.
1307 3353 1411 3407 293
1438 3350 1560 3417 jure
1596 3349 1845 3417 explosit.
2025 3356 2194 3415 φασὶν
2231 3348 2336 3405 ⁵2er
2371 3348 2435 3400 et
2460 3364 2513 3414 v,
2566 3351 2736 3416 φησὶν

653 3435 763 3503 AF,
804 3455 942 3504 φησι
975 3438 1042 3487 Ω.
1222 3438 1345 3489 ante
1380 3436 1617 3506 γράφεις
1650 3435 1775 3491 libri
1812 3450 1996 3490 omnes
2032 3435 2378 3503 interponunt
2413 3430 2542 3501 ἤδη,
2591 3430 2732 3502 quod

654 3522 876 3576 Struvio
922 3520 983 3575 in
1030 3521 1091 3576 L.
1127 3521 1187 3575 L.
1225 3540 1276 3591 p.
1314 3528 1419 3581 224
1464 3526 1678 3578 auctore
1726 3541 1823 3592 ego
1870 3524 1929 3576 in
1979 3521 2080 3587 Qu.
2116 3521 2176 3575 L.
2215 3539 2264 3589 p.
2302 3526 2406 3579 396
2454 3520 2633 3574 delevi
2679 3517 2733 3572 et

652 3609 935 3664 nobiscum
967 3610 1153 3678 postea
1180 3610 1357 3664 critici
1393 3626 1594 3665 omnes.
1784 3610 1912 3664 libri
1945 3611 2103 3678 παρὰ
2142 3607 2422 3662 Μικύλλου
2458 3604 2729 3673 (Μικύλλυ

654 3697 728 3768 21)
776 3695 883 3766 ἤδη
937 3698 1061 3751 τινὰ
1112 3696 1318 3767 ὀβολὸν
1356 3729 1437 3751 -.
1512 3715 1618 3753 non
1657 3698 1913 3752 debebam
1947 3712 2045 3765 ego
2077 3695 2115 3750 1.
2148 3694 2184 3749 1.
2225 3712 2350 3750 cum
2384 3695 2604 3751 Struvio
2638 3693 2730 3749 hic

654 3801 866 3855 quoque
914 3782 953 3853 ἤ
956 3782 1022 3852 δη
1075 3784 1265 3853 delere,
1315 3785 1458 3854 quod
1505 3801 1689 3838 omnes
1735 3785 1932 3837 temere
1976 3783 2149 3838 secuti
2186 3785 2328 3838 sunt.
2400 3785 2455 3837 at
2488 3799 2583 3852 pro
2621 3781 2726 3853 ἤδη

654 3871 1000 3927 scribendum
1048 3871 1133 3925 est
1181 3869 1248 3940 δὴ
1304 3871 1447 3940 quod
1481 3888 1644 3940 supra
1677 3870 1910 3940 reposui,
1957 3871 2061 3927 hoc
2096 3873 2225 3925 est2·
2261 3870 2374 3940 ‚qui
2409 3870 2473 3925 ab
2508 3870 2729 3941 Micyllo

653 3959 866 4014 scilicet
929 3957 1143 4013 obolum
1206 3958 1389 4013 nescio
1444 3974 1603 4026 quem
1656 3960 1972 4027 exspecteS.‘
2061 3975 2182 4013 nam
2243 3956 2311 4026 δή
2367 3957 2522 4012 attici
2574 3971 2729 4027 saepe

652 4048 860 4115 ponunt
893 4063 1019 4100 cum
1061 4046 1233 4100 ironia
1267 4045 1441 4116 veluti
1475 4045 1557 4100 De
1592 4045 1764 4100 Morte
1798 4046 2009 4114 Peregr.
2047 4051 2113 4104 27
2151 4043 2422 4103 παλαιοὺς
2457 4043 2547 4114 δὴ,
2598 4045 2726 4100 ibid.

653 4150 699 4188 o.
736 4139 805 4191 33
854 4132 1060 4188 ἄκοντα
1113 4132 1180 4203 δὴ
1224 4135 1279 4187 et
1313 4134 1452 4186 Adv.
1488 4132 1694 4191 Indoet.
1733 4138 1765 4190 6
1811 4133 1878 4185 τὰ
1919 4132 2071 4196 ξύλα,
2125 4131 2187 4187 οἱ
2213 4131 2384 4191 πόδες
2420 4130 2506 4201 δή.
2578 4133 2728 4189 doleo

653 4219 911 4275 Cobetum
935 4221 1078 4275 inV.
1098 4221 1158 4276 L.
1191 4239 1242 4291 p.
1264 4226 1367 4280 239
1402 4220 1495 4274 hic
1530 4222 1586 4273 et
1620 4217 1727 4285 ἤδη
1768 4219 2035 4274 delevisse
2069 4222 2124 4273 et
2158 4220 2235 4273 ita
2270 4220 2435 4274 scribi
2460 4219 2725 4275 voluisse:

650 4308 809 4376 παρὰ
861 4306 1113 4360 Μικόλου
1165 4310 1315 4367 τινὸς
1370 4305 1577 4379 ὀβολὸν
1630 4337 1716 4360 -.
1809 4323 1935 4360 nam
1987 4307 2240 4365 τινὸς11.
2288 4306 2324 4360 l.
2378 4323 2445 4360 ne
2498 4304 2726 4376 intelligi

653 4392 877 4461 quidem
957 4395 1149 4462 potest.
1255 4395 1486 4465 denique
1571 4394 1785 4449 codices
1858 4393 2119 4447 Lucianei
2202 4395 2423 4448 formam
2493 4393 2724 4449 nominis

651 4483 1070 4534 ΜΙΚΤΛΛΟΣ
1117 4479 1317 4550 ubique
1369 4483 1603 4536 tuentur.
1795 4478 1926 4534 οὐδὲ
1983 4478 2113 4534 οἶδα
2168 4480 2235 4544 21,
2274 4479 2413 4535 ”⁰31²
2469 4478 2599 4534 οἶδα
2656 4486 2722 4543 Φ,
