3099 5241
1101 448 1442 499 ENAAIOI
1479 446 1667 499 ΔῙΑΛ
1676 447 1869 498 οΓοι.
2429 413 2524 485 89

450 618 723 705 προσέτι
765 615 1086 704 ἐτύφλωσέ
1126 642 1218 703 με
1250 614 1691 697 καθεύδοντα,
1739 617 1848 684 καὶ
1875 615 1991 684 ἀπ’
2018 615 2268 684 ἐκείνου
2291 613 2532 702 τυφλός

454 722 593 809 εἰμι’
636 747 762 802 σοι,
813 717 862 789 ὦ
907 718 1266 790 Πόσειδον.
1337 725 1401 790 3.
1456 722 1681 791 ΠΟΣ.
1732 721 1818 798 ὡς
1856 719 2089 810 βαθὺν
2134 718 2526 807 ἐκοιμήθης,

455 821 504 893 ὦ
561 828 814 905 τέκνον,
880 827 952 902 ὃς
1012 825 1131 893 οὐκ
1176 828 1472 913 ἐξέθορες
1513 824 1762 913 μεταξὺ
1803 824 2275 912 τυφλούμενος.
2373 823 2409 891 ό
2470 822 2532 890 δ’

456 925 579 997 οὗν
624 928 987 1006 Ὀδυσσεὺς
1045 938 1185 1006 πῶς
1244 928 1583 1021 διέφυγεν,
1653 930 1735 998 οὐ
1789 928 1914 1020 γάρ
1971 931 2059 997 ἀν
2114 925 2184 996 εὖ
2246 928 2374 996 οἷδ’
2436 928 2537 996 ὅτι

454 1032 754 1119 ἐδυνήθη
801 1032 1200 1120 ἀποκινῆσαι
1242 1031 1368 1119 τήν
1410 1037 1657 1121 πέτραν
1686 1032 1822 1101 ἀπὸ
1850 1041 1969 1119 τῆς
1995 1031 2233 1120 θύρας.
2299 1034 2372 1100 Κ
2383 1032 2529 1100 YK.

457 1136 582 1204 ἀλλ’
633 1135 753 1228 ἐγω
798 1137 1084 1225 ἀφεῖλον,
1137 1136 1221 1214 ὥς
1263 1139 1518 1224 μᾶλλον
1563 1138 1769 1206 αὐτόν
1810 1136 2081 1226 λάβοιμι
2111 1134 2384 1214 ἐξιόντα·
2431 1136 2539 1203 καὶ

456 1241 742 1317 καθίσας
784 1240 966 1328 παρὰ
1009 1239 1136 1328 τήν
1179 1240 1403 1328 θύραν
1446 1241 1714 1328 ἐθήρων
1755 1240 1875 1318 τάς
1915 1255 2127 1331 χεῖρας
2151 1238 2533 1319 ἐκπετάσας,

455 1344 638 1434 μόνα
697 1348 929 1433 παρεὶς
982 1345 1065 1412 τά
1121 1344 1429 1433 πρόβατα
1487 1352 1553 1421 ἐς
1606 1344 1729 1431 τῆν
1772 1345 2020 1432 νομήν,
2093 1342 2541 1429 ἐντειλάμενος

457 1457 546 1537 τῷ
600 1456 774 1539 κριῷ,
840 1448 1061 1517 ὁπόσα
1116 1456 1305 1539 ἐχρῆν
1363 1447 1674 1534 πράττειν
1733 1447 1940 1517 αὐτόν
1980 1448 2147 1536 ὑπὲρ
2193 1455 2384 1535 ἐμοῦ.
2477 1450 2541 1515 4.

457 1553 683 1622 ΠΟΣ.
734 1553 1092 1639 μανθάνω·
1141 1553 1263 1621 ὑπ’
1324 1553 1589 1629 ἐκείνοις
1634 1553 1904 1621 ἔλαθον·
1927 1551 2420 1630 ὑπεξελθόντες·
2472 1555 2543 1618 σὲ

462 1656 522 1723 δ’
584 1655 741 1723 ἀλλά
799 1656 955 1733 τούς
1008 1656 1241 1733 ἄλλους
1291 1683 1363 1746 γε
1427 1656 1803 1734 Κύκλωπας
1861 1657 1993 1726 ἔδει
2050 1655 2545 1745 ἐπιβοήσασθαι

463 1918 671 1972 quoque
705 1902 742 1958 l.
779 1902 816 1960 l.
857 1899 1134 1965 ἀποξῦναι
1167 1903 1364 1971 legisse
1399 1905 1681 1956 testantur.
1751 1902 1994 1972 pluribus
2030 1905 2209 1956 tamen
2245 1902 2393 1956 vitiis
2428 1917 2545 1956 ver-

462 2007 555 2043 sus
590 1989 675 2043 illi
710 1987 978 2059 Odysseae
1010 1990 1280 2044 laborant:
1316 1990 1415 2041 τοῦ
1452 1989 1555 2056 μὲν
1592 1986 1725 2043 ὅσον
1758 1987 1802 2041 τ’
1842 1986 2073 2059 ὄργυιαν
2109 1986 2248 2059 ἐγὼν
2284 1986 2547 2058 ἀπέκοψα
2619 2051 2628 2062 .

462 2073 752 2144 παραστάς
781 2075 791 2143 Ι
821 2083 914 2129 καὶ
947 2073 1220 2144 παρέθηχ’
1260 2074 1565 2145 ἑτάροισιν,
1620 2073 1898 2139 ἀποξῦναι
1943 2072 2005 2128 δὲ
2047 2073 2297 2129 κέλευσα·
2329 2075 2338 2144 Ι
2371 2072 2455 2146 [οἳ
2487 2071 2542 2126 δ’

466 2159 680 2230 ὁμαλὸν
711 2165 972 2229 ποίησαν.
1048 2160 1152 2233 ἐγὼ
1192 2158 1247 2215 δ’
1291 2161 1520 2216 ἐθόωσα
1555 2161 1866 2232 παραστάς]
1902 2158 2094 2233 ἄκρον,
2146 2160 2302 2232 ἄφαρ
2353 2157 2414 2215 δὲ
2451 2159 2548 2215 λα-

465 2247 583 2317 βὼν
632 2247 975 2319 ἐπυράκτεον
1021 2248 1079 2303 ἐν
1114 2256 1250 2319 πυρὶ
1297 2248 1493 2318 κηλέῳ.
1569 2267 1632 2304 ac
1676 2251 1907 2321 primum
1951 2250 2085 2304 socii
2128 2267 2315 2304 acuere
2347 2251 2550 2305 vectem

461 2335 603 2403 jussi
636 2336 894 2406 imperata
938 2354 1045 2390 non
1086 2336 1294 2391 faciunt
1339 2337 1433 2392 sed
1483 2337 1864 2391 decorticatum
1909 2337 2157 2405 levigant.
2226 2339 2342 2391 tum
2391 2332 2548 2403 ἄφαρ

469 2420 530 2475 δὲ
568 2419 755 2491 λαβὼν
790 2422 858 2492 (v.
876 2422 1002 2491 328)
1038 2440 1144 2477 non
1183 2424 1274 2477 hic
1310 2423 1405 2477 sed
1438 2443 1484 2479 v.
1523 2426 1627 2479 327
1663 2428 1787 2478 ante
1824 2422 2053 2476 ἐθόωσα
2087 2423 2388 2493 ponendum
2420 2423 2550 2477 erat.

465 2508 694 2578 denique
728 2508 1018 2579 παραστάς
1063 2527 1170 2563 non
1202 2511 1281 2564 ita
1314 2511 1373 2563 in
1407 2510 1512 2564 fine
1546 2527 1733 2565 versus
1765 2511 1998 2580 ponitur,
2051 2513 2115 2564 ut
2148 2510 2207 2564 in
2239 2509 2341 2564 hoc
2373 2509 2553 2579 ipsum

465 2594 757 2665 παραστάς
801 2614 985 2653 versus
1033 2597 1273 2653 desinere
1308 2598 1519 2668 possint
1553 2598 1763 2653 alterni.
1837 2600 1894 2652 at
1937 2597 2077 2653 enim
2123 2615 2172 2652 v.
2220 2599 2342 2662 327,
2396 2611 2554 2667 quem

467 2700 629 2753 supra
661 2684 815 2738 uncis
850 2685 1059 2750 inclusi,
1094 2702 1202 2739 non
1218 2686 1439 2739 Homeri
1475 2703 1593 2739 esse
1625 2686 1761 2739 mihi
1777 2685 1989 2739 videtur
2023 2685 2117 2740 sed
2149 2683 2279 2738 mali
2300 2682 2554 2753 rhapsodi

466 2771 751 2824 Homerica
802 2769 886 2839 (ut
931 2771 1029 2826 isti
1071 2770 1333 2839 solebant)
1387 2771 1679 2827 dilatantis,
1759 2773 2021 2826 Homerus
2074 2772 2192 2841 ipse
2244 2771 2553 2840 scripserat:

471 2853 751 2918 ἀποξῦναι
798 2853 858 2909 δὲ
906 2855 1136 2912 κέλευσα
1166 2858 1175 2926 Ι
1209 2855 1399 2927 ἄκρον,
1451 2858 1509 2912 id
1555 2858 1697 2928 quod
1745 2858 2002 2913 concludo
2048 2858 2208 2912 etiam
2243 2873 2305 2910 ex
2338 2856 2554 2925 Euripi-

469 2941 554 2995 dis
588 2943 889 2998 imitatione
922 2945 981 2999 in
1016 2945 1246 3014 Cyclope
1279 2964 1328 2999 v.
1366 2946 1498 3000 453:
1537 2942 1879 3006 ἐξαποξύνας
1916 2942 2090 3013 ἄκρον
2125 2972 2209 2994 —-.
2363 2939 2553 3010 πυρώ-

472 3047 569 3084 σας
601 3049 662 3099 γε
697 3026 797 3086 BQ
832 3033 887 3084 et
920 3050 968 3096 v,
1012 3052 1072 3100 γε
1121 3049 1205 3085 om
1239 3030 1549 3086 AGTQMF.
1709 3030 1852 3099 πρὸς
1899 3029 1984 3083 ἔτι
2016 3031 2081 3084 Β.
2245 3047 2337 3081 σοι
2370 3044 2455 3082 om
2489 3028 2551 3081 F.

468 3114 590 3169 vide
625 3116 865 3182 Quaestt.
902 3117 964 3172 L.
999 3136 1053 3187 p.
1093 3121 1211 3174 113.

611 3240 661 3291 3.
733 3236 946 3306 βαθὺν]
980 3238 1169 3308 βαθύν
1203 3236 1377 3291 ὕπνον
1410 3240 1534 3293 AM.
1681 3235 1742 3296 ὃς
1777 3236 1895 3305 οὐκ]
1935 3235 2008 3294 ὡς
2044 3234 2146 3290 οὔκ
2166 3236 2277 3291 AF.
2421 3233 2451 3286 ὁ
2492 3230 2555 3287 δὲ

474 3384 574 3446 οὖν
607 3395 684 3455 Μ,
727 3392 757 3445 ὁ
797 3390 851 3445 δ’
892 3393 999 3463 (om
1035 3385 1155 3463 οὖν)
1189 3397 1257 3447 Ω.
1420 3345 1682 3464 διέφυγὲν
1715 3393 1782 3449 Α.
1929 3389 2175 3460 ἐδυνήθη
2217 3382 2279 3445 εὖ
2316 3387 2428 3444 οἶδ’
2469 3389 2558 3444 ὅτι

474 3477 540 3536 21.
685 3476 955 3548 ἐδυνήθη]
993 3478 1250 3549 ἠδυνήθη
1290 3482 1336 3535 Β
1371 3481 1532 3536 Solus.
1693 3488 1787 3533 καὶ
1822 3482 2061 3536 καθίσας
2105 3496 2274 3549 usque
2308 3479 2377 3532 ad
2410 3477 2557 3546 μόνα

473 3583 561 3620 om
595 3566 759 3621 codex
790 3566 1117 3622 Bourdelo‘ci.
1276 3566 1530 3634 καθίσας]
1582 3566 1835 3635 καθήσας
1879 3584 1928 3621 a.
2085 3564 2300 3635 παρεὶς]
2334 3572 2560 3634 παριεὶς

475 3651 542 3719 ἓῐ,
578 3657 642 3707 ut
677 3654 804 3708 olim
823 3653 886 3710 G.
907 3656 1242 3715 Hermannus
1275 3655 1334 3706 in
1368 3654 1541 3707 literis
1575 3654 1644 3707 ad
1676 3671 1760 3708 me
1794 3654 1935 3707 datis
1972 3654 2210 3723 speciose
2246 3652 2556 3721 conjecerat.

475 3745 534 3795 at
566 3741 754 3795 aoristi
799 3742 1138 3811 participium
1182 3743 1237 3795 et
1280 3740 1548 3794 antecedit
1594 3743 1651 3794 et
1682 3742 1998 3810 insequitur,
2048 3740 2189 3810 quod
2236 3739 2396 3793 etiam
2429 3738 2485 3793 h.
2521 3738 2559 3792 l.

475 3826 606 3881 ferri
621 3831 816 3897 potest,
851 3829 901 3881 si
932 3844 1017 3881 res
1054 3844 1161 3881 non
1195 3844 1257 3880 ex
1289 3843 1426 3892 vero,
1462 3827 1558 3881 sed
1592 3844 1656 3881 ex
1690 3828 1936 3897 opinione
1951 3826 2269 3896 Polyphemi
2297 3825 2563 3879 metienda

478 3917 579 3968 est.
732 3912 802 3981 ἐς]
842 3908 920 3970 εἷς
953 3913 1114 3969 ΑΩΕ.
1267 3913 1342 3979 τῷ
1380 3911 1539 3982 κριῷ]
1575 3913 1688 3965 τῶν
1722 3913 1897 3981 κριῶν
1930 3913 1993 3968 F.
2154 3910 2339 3965 ὁπόσα
2372 3909 2473 3968 Βὲῑ
2506 3913 2564 3966 et

477 4019 525 4066 V,
563 3997 668 4054 ὅσα
702 4001 967 4056 ΑΟΩΜῈ.
1108 3998 1378 4069 πράττειν
1413 3997 1584 4053 αὐτὸν
1600 3998 1749 4056 Bw}
1766 4002 1821 4053 et
1836 4017 1883 4064 v,
1921 3996 2093 4052 αὗτόν
2120 3997 2389 4068 πράττειν
2404 3998 2560 4053 ACF.

616 4123 667 4177 4.
739 4118 827 4174 ὑπ’
868 4120 1099 4177 ἐκείνοις
1133 4117 1344 4173 ἔλαθον
1379 4117 1779 4182 ύπεξελθόντες
1801 4120 2007 4185 ΑΟΩΕ,
2043 4118 2129 4173 ὑπ’
2171 4118 2400 4177 ἐκείνοις
2435 4115 2560 4171 ἕλα-

476 4209 592 4260 θον
626 4205 950 4269 ἐξελθόντες
984 4205 1051 4269 ἓῐ,
1109 4205 1195 4260 ὑπ’
1235 4206 1480 4271 ἐκείνοις,
1521 4206 1611 4261 ὅτι
1643 4227 1703 4279 γε
1743 4205 1948 4260 ἔλαθεν
1983 4204 2310 4269 ὑπεξελθών
2345 4225 2404 4259 σε
2438 4225 2469 4260 v
2506 4207 2563 4258 et

479 4293 550 4363 (ἲ)
575 4295 638 4350 Β.
713 4296 763 4350 si
796 4296 916 4365 quis
955 4291 1160 4348 ἔλαθεν
1194 4292 1519 4357 ὑπεξελθών
1551 4296 1805 4365 probarit,
1838 4294 1979 4348 idem
2014 4310 2135 4351 cum
2157 4290 2562 4349 Hemsterhusio

479 4382 566 4436 ὑπ’
607 4382 798 4450 ἐκείνῳ
836 4381 1097 4450 conjicere
1130 4382 1360 4438 debebit.
1432 4383 1491 4436 at
1522 4398 1696 4437 sermo
1731 4385 1816 4437 est
1849 4384 1905 4436 et
1940 4380 2007 4435 de
2023 4382 2195 4447 Ulixe,
2230 4380 2297 4436 de
2329 4396 2435 4449 quo
2469 4395 2560 4432 su-
