3099 5241
1342 407 1601 460 ΤΙΜΩΝ.
2367 376 2511 449 175

434 590 611 647 παῖε.
721 579 794 647 σε’
849 602 1046 665 φημι,
1117 576 1428 665 Θησαυρὲ
1483 583 1747 666 χρυσοῦ,
1808 574 2198 645 ὑπάκουσον
2262 577 2515 664 Τίμωνι

432 683 679 753 τουτωῒ
745 684 852 750 καὶ
928 680 1256 772 παράσχες
1316 679 1592 749 σεαυτὸν
1654 679 2024 749 ἀνελέσθαι.
2132 680 2403 762 σκάπτε,
2464 680 2514 749 ὦ

448 790 698 876 Τίμων,
751 792 791 830 ⁴*
832 787 1116 874 βαθείας
1159 788 1564 873 καταφέρων.
1651 784 1772 875 ἐγὼ
1818 786 1888 853 δὲ
1928 784 2091 872 ὑμῖν
2134 785 2515 872 ἀποστήσο-
2552 801 2653 855 152

433 918 581 980 μαι.
696 894 799 959 41.
902 893 1012 957 TI
1014 895 1105 957 M.
1156 889 1338 979 οὀίγε,
1414 886 1460 955 ὦ
1508 889 1781 970 δίκελλα,
1831 896 1950 957 νῦν
1993 915 2115 976 μοι
2158 891 2513 978 ἐπίρρωσον

438 995 722 1080 σεαυτὴν
775 996 881 1061 καὶ
936 993 1033 1081 μή
1093 992 1315 1084 κάμῃς
1374 1000 1441 1060 ἐκ
1495 1001 1613 1061 τοῦ
1669 992 1932 1081 βάθους
1989 993 2105 1061 τὸν
2158 994 2517 1082 Θησαυρὸν

436 1107 501 1177 ἐς
543 1101 920 1187 τούμφανὲς
965 1099 1493 1185 προκαλουμένη.
1590 1093 1638 1165 ὦ
1674 1100 1813 1165 Ζεῦ
1858 1096 2151 1185 τεράστιε
2193 1100 2298 1165 καὶ
2344 1098 2518 1186 φίλοι

436 1203 868 1291 Κορύβαντες
911 1200 1268 1288 καὶ“Ερμκῆ
1299 1201 1553 1289 κερδῷε,
1597 1199 1817 1269 πόθεν
1852 1209 2177 1270 τοσοῦτον
2211 1202 2474 1292 χρυσίον
2489 1230 2516 1284 3

434 1304 480 1394 ἦ
538 1333 675 1376 που
730 1312 773 1351 ⁴*
828 1306 990 1393 ὄναρ
1045 1303 1252 1373 ταῦτά
1313 1310 1490 1386 ἐστις
1559 1305 1739 1372 δέδια
1797 1312 1961 1395 γοῦν
2014 1302 2112 1392 μὴ
2176 1304 2517 1393 ἄνθρακας
2555 1321 2657 1375 153

436 1414 598 1500 εὕρω
660 1409 1124 1500 ἀνεγρόμενος·
1199 1408 1355 1476 ἀλλὰ
1414 1407 1555 1495 μὴν
1620 1411 1879 1498 χρυσίον
1941 1412 2117 1477 ἐστὶν
2160 1411 2512 1498 ἐπίσημον,

435 1516 842 1604 ὑπέρυθρον,
890 1513 1059 1602 βαρύ
1108 1515 1214 1580 καὶ
1256 1511 1383 1599 τὴν
1427 1511 1765 1601 πρόσοψιν
1807 1512 2268 1602 ὑπερήδιστον.

815 1615 863 1686 ὦ
907 1624 1118 1708 χρυσὲ,
1171 1618 1450 1704 δεξίωμα
1495 1616 1830 1686 κάλλιστον
1872 1619 2157 1705 βροτοῖς.

436 1812 562 1882 lus),
611 1811 1004 1881 ἀποστήσομαι
1051 1813 1283 1868 TUV'Yd
1318 1811 1376 1880 (d
1410 1812 1573 1866 etiam
1619 1810 1755 1879 ἡμῖν
1797 1830 1893 1883 pro
1931 1811 2098 1881 ὑμῖν).
2172 1815 2325 1867 vetus
2360 1812 2520 1868 lectio

440 1898 830 1968 ὖποστήσομαι
865 1901 1037 1954 medio
1073 1917 1198 1954 aevo
1232 1900 1442 1970 partim,
1483 1902 1546 1952 ut
1578 1916 1804 1970 persona
1837 1900 2020 1969 inepta
2055 1899 2345 1971 Θησαυρός
2378 1901 2438 1955 in
2471 1902 2521 1955 A

439 1990 635 2041 temere
680 1986 849 2041 inlata
881 1990 1159 2052 monstrat,
1207 1987 1287 2041 ita
1331 1986 1591 2055 explicata
1625 1989 1724 2051 est,
1771 1989 1835 2040 ut
1881 1988 1946 2040 ab
1983 1988 2018 2042 J
2019 1988 2165 2041 ensio
2200 1987 2267 2042 ad
2302 1987 2355 2043 h.
2393 1988 2429 2042 1.
2465 1991 2521 2042 et

439 2073 732 2129 Abresohio
769 2074 837 2128 ad
871 2075 1192 2128 Aristaenet.
1230 2090 1282 2142 p.
1322 2074 1391 2128 53
1421 2090 1515 2143 sq.‚
1552 2073 1707 2143 quasi
1742 2073 1840 2127 sit:
1878 2090 1991 2143 ‚ego
2026 2074 2175 2129 vobis
2211 2074 2519 2145 suppositus

442 2163 564 2227 ero‘‚
598 2162 796 2231 partim
829 2162 922 2226 ita,
958 2164 1021 2214 ut
1054 2161 1120 2215 ab
1140 2160 1341 2214 Thema
1361 2160 1397 2214 1.
1417 2161 1484 2216 1.:
1523 2158 1646 2213 ἀντὶ
1678 2160 1778 2212 τοῦ
1816 2158 2106 2230 ὁποχωρῶ.
2182 2163 2241 2216 at
2272 2164 2522 2215 neutrum

439 2248 615 2302 inesse
661 2250 843 2318 potest
886 2249 1045 2302 verbo
1092 2245 1497 2314 ὖποστήσομαι.
1573 2247 1666 2301 alii
1712 2246 1854 2313 olim,
1907 2250 1970 2301 ut
2014 2265 2078 2302 ex
2116 2251 2161 2298 Ο
2207 2250 2372 2317 patet,
2424 2265 2521 2318 pro

442 2332 831 2402 ὕποστήσομαι
864 2334 1222 2403 conjecerant:
1259 2332 1693 2401 ὖπεκστήσομαι.
1769 2337 1827 2389 at
1859 2351 1927 2388 ne
1955 2334 2056 2389 hoc
2075 2334 2288 2405 quidem
2303 2335 2523 2389 verbum

440 2421 499 2474 in
533 2438 645 2475 rem
677 2423 848 2492 ipsam
882 2422 1014 2475 satis
1050 2424 1173 2491 apte
1208 2421 1467 2475 convenit.
1540 2421 1635 2475 alii
1669 2421 1841 2475 medio
1876 2438 2001 2476 aevo
2018 2439 2114 2491 pro
2135 2419 2522 2490 ὑποστήσομαι

442 2508 551 2576 legi
584 2508 884 2563 voluerant:
923 2506 1033 2560 ἀπο
1042 2505 1335 2576 στήσομαι,
1375 2524 1508 2578 quae
1542 2508 1847 2576 conjectura
1878 2508 2146 2578 antiquior
2179 2525 2296 2563 esse
2313 2508 2524 2564 videtur

444 2611 602 2665 quam
636 2596 802 2651 altera
836 2612 999 2666 eaque
1017 2595 1204 2661 Fabr0‚
1241 2594 1447 2660 Solam,
1483 2594 1905 2662 Hemsterhusio,
1942 2595 2281 2651 Schmiedero
2300 2598 2355 2651 et
2373 2596 2522 2651 Som-

442 2700 762 2754 merbrodtio
795 2703 940 2755 recte
973 2703 1198 2770 probata
1230 2703 1328 2755 est.
1402 2716 1524 2754 nam
1559 2716 1723 2769 quum
1769 2686 1883 2753 {nr—o
1914 2703 1971 2754 et
2007 2686 2127 2753 εἶσι-ο
2154 2701 2213 2754 in
2247 2700 2398 2756 codd.
2436 2718 2523 2757 so-

441 2787 588 2841 leant
621 2787 891 2852 confundi,
924 2790 1042 2841 tum
1075 2788 1166 2841 hio
1204 2785 1486 2853 ὑπόστηθι
1519 2787 1674 2841 modo
1707 2788 2013 2858 praecessit.
2084 2788 2277 2843 Plutus
2312 2791 2376 2842 ut
2408 2789 2523 2842 abi-

441 2877 596 2927 turus
643 2874 849 2928 dixerat
897 2871 1163 2926 οἷπελθών
1210 2871 1569 2942 (,ἆναπέμψω
1608 2902 1676 2910 ——
1711 2873 1810 2926 τὸν
1848 2873 2144 2941 Θησαυρὸν
2191 2869 2520 2942 ἀπελθών),

442 2960 522 3015 ita
554 2961 736 3014 abiens
773 2977 916 3015 nune
934 2960 1068 3015 dicit
1087 2958 1497 3030 ἀποστήσομαι.
1573 2960 1756 3014 eodem
1789 2960 1943 3015 modo
1989 2961 2226 3030 loquitur
2264 2961 2381 3031 ipse
2414 2961 2523 3015 Lu·

444 3047 627 3101 cianus
661 3048 768 3101 Pro
802 3048 1028 3116 Imagin.
1053 3065 1099 3102 ο.
1125 3052 1218 3104 29:
1257 3046 1359 3117 ἐγὼ
1401 3043 1461 3100 δὲ
1497 3076 1567 3084 -
1604 3042 1860 3099 ἐκποδὼν
1897 3044 2305 3115 ἀποστήσομαι.
2380 3050 2524 3101 certo

444 3135 585 3188 enim
618 3135 813 3189 Plutus
848 3151 991 3189 nunc
1027 3136 1155 3200 abit,
1208 3135 1302 3205 qui
1345 3137 1532 3203 postea
1577 3134 1635 3187 in
1682 3133 1783 3188 hoc
1831 3133 2040 3203 dialogo
2085 3134 2224 3189 nihil
2258 3135 2521 3203 loquatur.

444 3222 654 3276 omnino
690 3238 902 3276 scenam
938 3222 1156 3276 atticam
1190 3239 1294 3291 qua
1326 3222 1560 3290 tragicos
1596 3238 1701 3291 qua
1735 3221 1977 3286 comicos,
2014 3238 2236 3292 quorum
2268 3237 2523 3291 personae

443 3309 696 3362 abeuntes
731 3307 788 3361 id
821 3309 998 3378 ipsum
1044 3309 1241 3362 diserte
1276 3308 1453 3378 eloqui
1497 3308 1674 3361 solent
1707 3325 1765 3361 se
1812 3308 2049 3362 abituras
2085 3326 2202 3362 esse
2234 3308 2319 3363 vel
2352 3308 2522 3361 intro-

442 3395 629 3459 ituras‚
681 3395 881 3448 imitari
928 3396 1125 3464 ubique
1174 3396 1461 3460 consuevit,
1515 3395 1678 3449 sicuti
1710 3395 1888 3465 paullo
1937 3385 2060 3450 ante
2094 3396 2277 3450 abiens
2311 3395 2522 3450 Merou-

444 3481 580 3535 riusx
618 3478 721 3550 ἐγώ
755 3476 834 3543 δὲ,
865 3482 1059 3551 inquit,
1086 3511 1155 3518 -
1187 3479 1597 3549 ἀναπτήσομαι.
1650 3482 1793 3551 quid,
1830 3482 1972 3552 quod
2004 3483 2064 3536 in
2095 3481 2370 3551 tragoedia
2402 3498 2522 3551 per-

446 3584 603 3622 sonae
639 3569 894 3622 abeuntes
930 3568 1199 3622 interdum
1234 3568 1336 3622 hoo
1370 3569 1486 3638 ipso
1521 3569 1681 3623 verbo
1719 3567 2112 3637 ἀποστήσομαι
2145 3571 2256 3625 sive
2277 3566 2522 3622 ἀποστα-

444 3652 642 3721 θῶμεν
676 3657 905 3708 utuntur
938 3656 1084 3708 velut
1117 3656 1176 3709 in
1193 3655 1386 3711 Aesoh.
1409 3655 1643 3725 Choeph.
1663 3675 1711 3711 v.
1732 3658 1849 3721 859,
1883 3657 2068 3726 Eurip.
2099 3656 2286 3710 Helen.
2316 3674 2363 3709 v.
2386 3658 2523 3713 1022

445 3743 503 3795 et
542 3741 748 3796 Hecub.
795 3759 844 3796 v.
893 3744 1047 3799 1032.
1121 3760 1184 3797 ex
1229 3743 1316 3797 his
1362 3745 1506 3796 certo
1556 3744 1816 3813 sequitur,
1868 3743 2162 3797 Lucianum
2214 3742 2521 3812 scripsisse:

448 3825 856 3896 ἀποστήσομαι.

584 3917 672 3972 41.
747 3912 843 3985 ἄγε
879 3916 1221 3978 ΑΨΩςΡΒΟ,
1264 3916 1359 3987 ἄγε
1399 3912 1467 3984 δὴ
1506 3919 1557 3968 Ω
1592 3919 1648 3971 et
1678 3934 1726 3971 v.
1886 3912 2120 3969 σεαυτὸν
2153 3914 2217 3980 A,
2252 3914 2347 3985 qui
2378 3927 2523 3972 mox:

445 3999 760 4071 τοῧμφανὲς
792 4031 878 4055 --.
1038 4003 1311 4056 τοσοῦτον
1342 4005 1570 4072 χρυσίον
1602 4003 1945 4067 ΑΨΩςΡΒΟ,
1999 4005 2224 4072 χρυσίον
2258 4000 2529 4054 τοσοῦτον

447 4090 498 4139 Ω
531 4091 589 4161 913
620 4107 668 4144 v.
827 4080 865 4157 ἧ
899 4108 1010 4142 που
1047 4090 1141 4145 AO
1177 4090 1278 4159 (ita
1314 4089 1400 4158 0),
1442 4087 1480 4158 ἤ
1512 4109 1623 4143 που
1658 4108 1708 4145 v.
1864 4089 1997 4157 ἐστι]
2038 4088 2184 4142 ἐστιν
2219 4090 2285 4144 R.
2432 4086 2525 4142 ἄν·

447 4176 658 4244 θρακεσ
691 4177 757 4231 Α.
897 4179 1056 4232 verba
1090 4184 1185 4230 καὶ
1216 4177 1321 4246 τὴν
1354 4175 1643 4247 πρόσοψιν
1676 4195 1784 4232 non
1818 4178 1985 4232 habet
2000 4178 2065 4242 R,
2099 4177 2262 4230 habet
2296 4177 2527 4246 spatium

447 4278 684 4318 vacuum.
827 4253 874 4314 ὦ
909 4293 978 4301 —
1012 4263 1261 4335 βροτοῖς]
1295 4281 1478 4319 versus
1515 4268 1601 4319 est
1633 4264 1909 4335 Euripidis
1948 4281 2010 4319 ex
2045 4265 2240 4329 Danae,
2285 4264 2370 4317 uti
2404 4262 2526 4316 Sto-

448 4349 611 4405 baeus
645 4350 787 4406 Flor.
824 4350 966 4418 XCI,
1000 4354 1038 4407 4
1071 4352 1268 4408 diserte
1301 4354 1552 4432 testatur.
1625 4352 1849 4408 eundem
1882 4368 2092 4408 versum
2136 4350 2267 4405 loeis
2309 4366 2401 4405 sex
2433 4348 2529 4405 alii
