3099 5241
1155 449 1844 514 PSEUDOLUOIANEIS.
2339 456 2550 515 LXVII

457 631 710 699 Bekker
761 632 1127 701 Lucianum
1186 635 1403 701 ederet
1456 637 1858 701 universnm.
1951 633 2160 701 Grave
2207 634 2548 718 judicium,

457 758 590 803 non
636 757 829 823 nego,
870 739 983 805 sed
1029 738 1229 822 (sicut
1261 739 1638 805 Umbricius
1682 741 1942 824 optime)
1991 741 2266 823 ,mentiri
2310 740 2549 821 nasein,

456 842 721 924 librum,
763 844 837 907 ni
878 842 1091 909 bonus
1135 848 1257 926 est,
1297 863 1551 928 nequeo
1595 844 1902 908 laudare‘.
1989 844 2171 908 Haec
2230 845 2324 909 eis
2381 844 2551 908 dicta

458 951 637 1029 sunt,
682 947 797 1032 qui
841 948 1056 1031 inepte
1099 949 1214 1011 toti
1258 949 1545 1032 pendent
1589 949 1670 1013 ab
1701 947 1989 1013 Luciano
2021 948 2297 1013 Bekkeri
2344 967 2549 1032 quum

460 1051 568 1116 alii
627 1057 769 1116 tum
827 1051 889 1117 J.
951 1050 1349 1133 Bernaysius
1408 1053 1631 1118 multis
1697 1053 1854 1117 locis
1911 1052 2111 1118 libelli
2172 1053 2345 1117 haud
2399 1070 2551 1117 con-

458 1155 792 1222 temnendi
837 1154 1100 1239 ,Lucian
1147 1157 1286 1221 und
1331 1158 1435 1222 die
1478 1157 1812 1240 Kyniker‘.
1882 1157 2176 1222 Vixdum
2220 1156 2550 1222 Lucienus

459 1259 718 1325 editoris
748 1258 1183 1325 Berolinensis
1221 1262 1481 1344 exierat,
1529 1282 1732 1346 quum
1767 1264 2013 1327 amicus
2051 1262 2314 1345 juvenis
2346 1261 2551 1325 elatus

458 1365 695 1449 gaudio
749 1367 840 1428 ita
894 1366 974 1429 ad
1020 1385 1123 1430 me
1169 1367 1422 1451 scripsit
1465 1366 1886 1432 verbotenus:
1951 1386 2121 1450 ,man
2176 1366 2349 1430 kann
2414 1365 2551 1429 sich

460 1469 578 1533 auf
614 1467 903 1534 Bekkers
949 1470 1255 1554 Ausgabe
1297 1471 1642 1536 verlassen‘
1690 1475 1753 1536 et
1810 1471 2028 1535 mirari
2088 1470 2318 1556 coepit,
2377 1470 2552 1555 quod

462 1574 524 1639 ei
588 1591 747 1639 mox
811 1574 939 1639 alia
1003 1576 1221 1641 omnia
1290 1575 1607 1658 rescripsi.
1719 1574 1800 1639 In
1878 1576 2278 1640 universum·
2338 1580 2552 1639 tamen

459 1678 659 1761 hujus
704 1679 908 1745 critici
953 1679 1147 1745 editio
1191 1679 1320 1745 fata
1379 1679 1605 1744 habuit
1659 1680 1866 1744 tristia
1918 1679 2324 1765 aliorumque
2381 1680 2552 1744 criti·

465 1801 689 1849 corum
752 1781 1160 1849 acerbitatem
1225 1788 1487 1867 experta
1562 1788 1675 1849 est.
1798 1783 1950 1868 Ipse
2016 1783 2092 1847 G.
2160 1781 2553 1866 DindorfiuS,

462 1885 738 1952 Bekkeri
783 1892 847 1955 et
889 1889 1135 1954 amicus
1182 1893 1245 1953 et
1286 1908 1438 1954 vero
1483 1888 1763 1954 imitator
1806 1894 1954 1953 ante
1997 1889 2118 1952 hos
2161 1885 2301 1950 XX
2346 1904 2551 1950 annos

461 1992 531 2060 in
577 2012 748 2057 nova
788 1990 1063 2059 Luciani
1108 1993 1387 2059 editione
1430 1993 1604 2057 haud
1650 1993 1931 2057 multum
1976 1991 2200 2056 tribuit
2242 1990 2554 2072 Bekkero,

337 2181 341 2185 .
465 2095 684 2161 Cobeti
730 2101 946 2161 autem
991 2097 1466 2162 emendationes
1508 2096 1874 2162 luculentas
1918 2097 2308 2181 propagavit.
2387 2092 2555 2157 Nam

465 2220 669 2284 quum
727 2200 1006 2267 Bekkeri
1065 2202 1261 2266 editio
1315 2201 1504 2265 modo
1562 2202 1857 2281 exiisset,
1931 2202 2159 2284 paucis
2218 2198 2553 2263 mensibus

463 2311 610 2389 post
655 2304 725 2370 O.
772 2304 848 2372 G.
897 2305 1199 2386 CobetuS,
1245 2307 1507 2371 criticus
1562 2306 1845 2370 eximius
1903 2324 2117 2388 neque
2171 2304 2298 2389 ipsi
2350 2303 2557 2386 impar

463 2408 756 2475 Bekkero
805 2409 1053 2491 ,Varias
1095 2409 1448 2477 Lectiones‘
1499 2409 1718 2491 edidit,
1783 2429 1911 2493 quo
1955 2409 2119 2473 libro
2175 2426 2369 2493 prope
2423 2411 2554 2470 toto

462 2512 824 2579 Lucianum
870 2514 1147 2580 Bekkeri
1190 2534 1529 2598 aggressus
1575 2520 1688 2580 est.
1800 2515 1966 2578 Tum
2007 2533 2159 2578 vero
2203 2513 2270 2576 id
2318 2511 2554 2576 Cobeto

463 2618 717 2702 accidit,
777 2618 952 2704 quod
1010 2618 1151 2684 fieri
1209 2619 1277 2686 in
1334 2639 1403 2686 re
1459 2640 1634 2686 nova
1676 2620 1855 2703 solet,
1920 2619 2240 2703 ,laudatur
2293 2615 2374 2681 ab
2430 2615 2554 2698 his,

464 2724 764 2808 culpatur
808 2724 889 2790 ab
934 2724 1105 2788 illis‘.
1211 2723 1350 2809 Ego
1398 2725 1512 2790 diu
1558 2726 1793 2790 adduci
1837 2724 2019 2789 nulla
2061 2723 2307 2787 ratione
2350 2722 2554 2806 potui,

463 2833 538 2892 ut
595 2828 676 2892 de
731 2828 970 2893 talibus
1030 2829 1268 2893 criticis
1324 2828 1584 2912 publice
1638 2830 1845 2913 judex
1910 2828 2198 2893 sederem
2258 2832 2321 2891 et
2377 2844 2556 2889 nunc

465 2932 748 3015 demum,
796 2953 1002 3017 quum
1045 2951 1309 3017 prorsus
1354 2952 1616 2998 necesse
1660 2936 1763 3016 sit,
1821 2951 1953 2998 non
2013 2929 2318 2995 dubitabo
2381 2930 2555 3014 quod

462 3056 565 3104 res
609 3043 706 3102 est
750 3037 979 3104 dicere.
1047 3036 1337 3102 Profecto
1383 3039 1557 3103 enim
1601 3038 1839 3103 multos
1884 3035 2158 3101 Bekkeri
2203 3053 2441 3099 errores
2485 3035 2555 3097 in

462 3140 574 3208 ina
617 3141 896 3206 editione
941 3142 1315 3208 commissos
1362 3140 1640 3207 Cobetus
1682 3143 1756 3206 in
1786 3141 2131 3205 Variarnm
2175 3138 2557 3204 Lectionum

462 3245 627 3309 libro
691 3252 861 3311 recte
928 3246 1297 3312 denudavit.
1410 3246 1644 3332 Neque
1721 3252 1935 3311 tamen
2003 3245 2081 3309 de
2148 3263 2299 3308 vera
2364 3242 2555 3307 laude

467 3347 749 3416 Bekkeri
788 3352 990 3415 nostri
1039 3352 1397 3435 quidquam
1459 3352 1813 3417 detractum
1856 3350 2003 3414 volo
2061 3367 2274 3433 neque
2320 3346 2556 3411 Cobeto

465 3455 658 3520 etiam
723 3456 795 3522 in
862 3474 941 3520 eo
1005 3456 1311 3521 adsentiri
1375 3475 1682 3541 possum,
1742 3455 1915 3539 quod
1979 3456 2050 3518 in
2108 3453 2289 3518 Varr.
2355 3451 2554 3517 Lectt.

465 3559 735 3625 Praefat.
780 3579 844 3645 p.
890 3559 1031 3626 XX
1070 3560 1441 3626 Bekkerum
1497 3561 1828 3625 contendit
1870 3558 2205 3624 divinandi
2258 3557 2558 3621 facultate

468 3665 711 3746 ,minus
771 3664 1090 3730 valuisse‘.
1193 3664 1365 3731 Sane
1416 3666 1524 3730 ille
1588 3665 1848 3749 quidem
1910 3664 2097 3727 vanis
2158 3661 2558 3745 conjectandi

463 3767 746 3851 lusibuS,
810 3789 1017 3853 quum
1081 3770 1274 3835 facile
1333 3775 1568 3854 posset,
1634 3769 1732 3834 uti
1799 3768 2032 3849 noluit,
2094 3773 2274 3832 ratus
2338 3765 2408 3830 id
2474 3764 2554 3830 ab

466 3873 653 3940 divae
699 3872 963 3940 Critices
1014 3893 1287 3959 persona
1346 3875 1535 3959 longe
1594 3873 1947 3939 abhorrere.
2049 3870 2297 3935 Verum
2356 3870 2559 3934 enim·

465 3997 617 4044 vero
683 3978 981 4046 millenae
1034 3979 1311 4046 Bekkeri
1376 3979 1778 4062 conjecturae
1845 3982 1958 4042 aut
2016 3995 2266 4041 summe
2331 3973 2558 4058 proba-

466 4082 631 4150 biles
678 4088 852 4166 sunt,
899 4089 1017 4152 aut
1057 4090 1229 4150 certo
1275 4083 1590 4148 certiores.
1695 4080 1841 4146 Hoc
1886 4082 2062 4145 enim
2106 4098 2329 4144 omnes
2374 4097 2557 4163 spero

466 4188 626 4254 mihi
682 4188 1036 4254 credituros
1096 4208 1239 4254 esse
1293 4189 1663 4272 multosque
1732 4186 1863 4250 scio
1927 4185 1998 4248 in
2065 4184 2184 4248 hac
2241 4183 2560 4249 sententia

467 4298 833 4360 constanter
893 4293 1354 4379 permansisse,
1419 4291 1600 4357 velut
1662 4289 2028 4375 Hauptium
2096 4289 2311 4353 virum
2377 4277 2559 4372 saga-

469 4398 804 4467 &smmum
846 4397 889 4466 1.
928 4397 973 4463 l.
1017 4411 1080 4482 p.
1129 4397 1258 4464 246
1305 4416 1399 4481 sq.
1489 4395 1576 4462 Et
1618 4393 1978 4462 Lucianeas
2022 4394 2283 4481 quidem
2341 4384 2558 4458 emen·

2139 4515 2205 4558 v.
