3099 5241
1333 399 1700 456 SOSTRATO.
2430 398 2561 453 XLI

478 580 721 643 tionem
786 582 1070 642 nostram
1137 578 1476 662 expleant,
1549 589 1625 644 ut
1689 578 1998 642 Lucianei
2070 576 2218 640 libri
2284 579 2565 660 augeant

480 683 886 748 desiderium.
974 681 1263 762 Herodes
1309 685 1484 748 enim
1529 684 1608 748 de
1653 682 1932 748 Sostrate
1978 683 2320 765 scripserat
2362 684 2438 743 ut
2484 679 2564 744 de

479 789 638 853 miro
685 787 1178 870 adolescentule,
1221 785 1553 853 Lucianus
1601 808 1749 853 vero
1782 806 2039 852 omnem
2069 784 2335 851 Sostrati
2362 787 2566 850 vitam

479 913 554 957 ac
596 893 1005 977 potissimum
1048 912 1149 957 res
1195 893 1279 956 ab*
1321 894 1544 958 eodem
1600 896 1737 976 jam
1780 892 1917 955 viro
1962 895 2173 976 gestas
2218 895 2353 955 erat
2395 911 2566 954 com·

464 998 731 1082 ,plexus
818 997 1107 1062 Herodes
1176 999 1363 1080 quasi
1428 997 1508 1062 <de
1574 998 1765 1073 heroe·
1833 996 2114 1079 quodam
2181 1015 2386 1078 quum
2442 995 2567 1058 alia

482 1104 817 1186 scripserat
870 1107 1012 1165 tum
1056 1121 1108 1164 Ο.
1146 1100 1263 1164 VII
1304 1102 1481 1165 init.:
1542 1100 1769 1177 Κελτῴ
1820 1096 2078 1185 μεγάλῳ
2142 1099 2279 1169 ἴσος
2338 1098 2443 1161 καὶ
2504 1102 2569 1170 ἐς

483 1203 643 1269 ὀκτώ
676 1202 889 1277 πόδας
918 1202 994 1269 τό
1024 1206 1336 1290 μέγεθος,
1382 1205 1712 1269 Lucianus
1743 1209 1959 1269 autem
1993 1204 2105 1288 qui
2134 1204 2204 1267 in
2227 1201 2498 1268 Demon.
2529 1206 2562 1267 1

480 1310 700 1375 habet:
764 1306 1116 1401 δεδήλωται
1173 1310 1462 1395 μέγεθος
1520 1305 1721 1372 αὐτοῦ
1781 1308 2025 1392 ubique
2086 1309 2163 1373 de
2223 1307 2446 1372 eodem
2492 1311 2567 1371 ut

479 1415 739 1479 homine
804 1433 938 1478 non
1006 1420 1079 1479 ut
1146 1415 1224 1479 de
1289 1415 1483 1479 heroe
1548 1419 1682 1478 erat
1746 1414 2020 1477 locutus.
2125 1411 2430 1477 Ceterum¹
2491 1411 2569 1475 de

481 1519 886 1603 longitudine
931 1520 1065 1584 veri
1109 1518 1411 1584 Herculis
1459 1518 1530 1583 Ο.
1565 1518 1803 1584 Muller
1847 1517 1990 1600 (Die
2020 1516 2246 1581 Dorier
2288 1515 2476 1580 Parte
2507 1515 2569 1578 II

478 1645 543 1708 p.
589 1624 740 1704 449)
810 1622 975 1688 bene
1043 1623 1360 1687 disseruit.
1462 1624 1700 1689 Tamen
1769 1642 1934 1707 quae
1999 1642 2053 1686 c.
2103 1621 2221 1686 VH
2281 1622 2421 1685 init.
2485 1637 2569 1684 ex

479 1726 734 1792 Herode
789 1726 1208 1792 Philostratus
1279 1728 1357 1793 de
1423 1748 1683 1812 corpore
1743 1727 2007 1793 Sostrati
2075 1732 2137 1791 et
2204 1727 2282 1791 de
2342 1724 2567 1789 habitu

483 1838 677 1917 atque
719 1833 960 1896 vestitu
1005 1832 1278 1917 scripsit,
1341 1852 1416 1896 ea
1477 1833 1620 1896 aliis
1664 1831 1877 1896 verbis
1924 1833 2112 1896 etiam
2159 1829 2238 1894 ab
2282 1829 2568 1894 Luciano

481 1937 784 2001 videntur
827 1937 1062 2021 scripta
1101 1937 1325 2018 fuisse,
1370 1938 1527 2002 haec
1573 1937 1752 2000 dico:
1813 1941 2032 2018 κομᾶν
2078 1959 2149 1998 τε
2193 1934 2571 2017 ξυμιιιέτιρως

483 2042 588 2104 καὶ
634 2047 763 2104 τῶν
812 2037 1069 2124 ὀφρύων
1118 2042 1350 2113 λασίως
1396 2038 1583 2127 ἔχειν,
1653 2038 1729 2112 (ἲς
1789 2037 1899 2103 καὶ
1942 2035 2326 2123 ξυμβάλλειν
2373 2033 2569 2118 ἀλλη-

481 2147 620 2219 λαις
688 2141 831 2210 οἷον
890 2144 1077 2230 μίαν,
1149 2141 1446 2232 χαροπήν
1507 2169 1579 2208 τε
1640 2141 1867 2208 ἀκτῖνα
1930 2148 1995 2206 ἐκ
2052 2147 2183 2206 τῶν
2244 2137 2570 2226 ὀμμάτων

483 2249 866 2316 ἐκδίδοσθαι
933 2252 1393 2336 παρεχομένην
1457 2273 1521 2312 τι
1593 2245 1806 2332 ὁρμῆς
1872 2243 2070 2330 ἦθος,
2146 2246 2251 2310 καὶ
2315 2241 2569 2333 γρυπὸν

483 2353 648 2420 εἶναι
714 2355 819 2418 καὶ
888 2353 1219 2437 εὐτραφῶς
1286 2352 1516 2441 ἔχοντα
1577 2358 1698 2417 τοῦ
1760 2350 2064 2440 αὐχένος·
2136 2351 2318 2415 τουτὶ
2376 2348 2446 2414 δὲ
2505 2353 2574 2412 ἐκ

398 2467 405 2473 ”
481 2456 708 2537 πόνων
767 2459 942 2541 ἥκειν
1003 2457 1175 2543 αὐτῷ
1233 2459 1483 2541 μᾶλλον
1528 2454 1572 2540 ἢ
1622 2456 1824 2521 σι’-του.
1921 2453 2087 2519 εἶναι
2133 2454 2201 2518 δὲ
2248 2451 2419 2539 αὐτῷ
2467 2453 2571 2515 καὶ

485 2566 715 2648 στέρνα
779 2561 1030 2651 εὐπαγῆ
1089 2560 1200 2626 καὶ
1256 2559 1368 2636 ξῦν
1415 2561 1548 2647 ὥρᾳ
1594 2558 2091 2645 κατεσκληκότα,
2156 2559 2262 2623 καὶ
2307 2553 2573 2642 κνήμην

479 2666 714 2754 μικρὸν
796 2675 859 2756 ἐς
940 2666 1020 2731 τὰ
1105 2665 1218 2742 ἔξω
1303 2668 1755 2752 κυρτουμὲιήν
1837 2669 1942 2729 καὶ
2009 2666 2425 2750 παρέχουσαν
2490 2671 2571 2747 τῇ

479 2772 672 2860 βάσει
735 2771 809 2839 τὸ
876 2768 944 2837 εὖ
1004 2774 1373 2858 βεβηκέναι.
1471 2777 1762 2855 ἐνῆφθαι
1828 2770 1895 2835 δὲ
1957 2766 2160 2834 αὐτὸν
2221 2764 2328 2831 καὶ
2376 2763 2574 2849 δορὰς

481 2876 713 2955 λύκων,
801 2875 1056 2963 ῥαπτὸν
1143 2875 1441 2960 ἕσθημα,
1535 2874 1786 2948 ἄθλους
1866 2899 1937 2938 ἰε
2014 2879 2355 2938 ποιεῖσθαι
2420 2869 2575 2942 «τούς

485 2982 746 3072 ἀγρίους
805 2990 930 3047 τῶν
997 2988 1170 3047 συῶν
1230 2982 1334 3045 καὶ
1396 2977 1549 3054 τοὺς
1612 2986 1796 3052 θῶας
1842 2979 1947 3042 καί
1992 2974 2145 3051 τούς
2191 2973 2421 3049 λύκους
2465 2972 2573 3037 καὶ

481 3097 613 3154 τῶν
670 3085 923 3171 ’ταύρων
981 3084 1135 3160 τοὺς
1189 3084 1609 3171 ὑβρίζοντας·
1674 3085 1778 3148 καὶ
1826 3078 2084 3156 ὠτειλὰς
2131 3080 2201 3146 δὲ
2248 3075 2575 3143 δεικνύναι

482 3190 733 3258 τούτων
791 3199 918 3257 τῶν
982 3189 1272 3279 ἀγώνων.
1366 3190 1446 3255 In
1502 3190 1815 3275 proximis
1859 3188 2075 3253 verbis
2130 3188 2412 3272 primum
2457 3204 2570 3269 pro

486 3300 744 3383 vulgata
810 3302 880 3362 ἐν
945 3304 1030 3382 τῷ
1091 3293 1387 3373 Βοιωτίῳ
1456 3292 1644 3379 δήμῳ
1706 3294 1957 3377 Kayser
2015 3313 2049 3358 e
2110 3291 2289 3357 codd.
2357 3294 2422 3352 ἐν
2483 3294 2570 3373 τῷ

484 3402 777 3489 Βοιωτίῳ
845 3404 1057 3485 Δηλίῳ
1134 3404 1370 3487 optime
1434 3404 1732 3468 restituit.
1843 3399 2075 3464 Postea
2137 3396 2285 3461 libri
2352 3415 2573 3459 omnes

482 3502 645 3595 γυνὴ
692 3504 1008 3591 βουκόλος
1052 3508 1261 3592 legere
1312 3509 1630 3589 videntur,
1690 3506 1866 3591 quod
1912 3504 1991 3568 ob
2036 3503 2233 3568 verba
2274 3501 2575 3565 inferiora

488 3613 654 3677 οὕτω
701 3637 761 3675 τι
809 3616 1252 3695 ἑπερριιῃιιέ-νη,
1322 3610 1403 3685 οἷς
1457 3613 1795 3695 βουκολεῖν
1841 3610 1990 3675 ferri
2033 3609 2278 3692 nequit.
2370 3606 2573 3691 Equi-

487 3719 630 3783 dem
662 3719 941 3802 corrigo:
988 3715 1152 3806 γυνή
1193 3715 1517 3803 βουκόλου
1552 3737 1740 3800 ,uxor
1768 3714 2075 3796 bubulci‘,
2119 3731 2250 3777 non
2283 3712 2573 3777 obstante

470 3826 639 3888 ‘huic
685 3827 1036 3890 sententiae
1095 3830 1272 3910 patre
1317 3823 1706 3887 Marathone.
1797 3821 1903 3886 Sic
1945 3820 2260 3884 Alcmena
2304 3818 2574 3902 Ammi-

485 3932 736 3995 truonis
812 3950 978 3994 uxor
1049 3950 1183 3994 non
1258 3950 1294 3995 e
1369 3930 1593 3993 marito
1670 3927 1779 3991 sed
1848 3946 1933 3990 ex
1996 3926 2160 3990 Jove
2223 3920 2575 3986 Herculem

485 4037 746 4122 peperit.
859 4034 959 4099 Ita
1030 4036 1229 4119 igitur
1300 4034 1729 4099 Philostratus
1805 4050 1888 4095 ex
1959 4029 2236 4095 Herodis
2311 4029 2575 4113 epistola

486 4143 725 4227 pergit:
771 4141 1082 4227 γενέσθαι
1131 4138 1196 4202 δὲ
1243 4136 1363 4203 τὸν
1395 4136 1736 4221 Ἠρακλέα
1785 4142 2022 4199 τοῦτον
2070 4136 2130 4197 οἱ
2174 4136 2301 4217 μὲν
2332 4140 2572 4219 γηγενῆ

489 4269 685 4330 φασιν
747 4248 812 4307 ἐν
869 4249 955 4328 τῷ
1001 4244 1294 4321 Βοιωτίῳ
1340 4243 1575 4326 Δηλίῳ,
1627 4237 1948 4324 “Ηρώδης
2008 4238 2078 4303 δὲ
2138 4236 2415 4302 ἀκοῦσαι
2473 4237 2575 4300 λε’-

487 4345 718 4437 γοντός
766 4372 987 4433 φησιν,
1042 4346 1123 4421 ὡς
1154 4344 1375 4432 μήτηρ
1408 4351 1536 4432 μὲν
1572 4345 1741 4430 αὐτῷ
1773 4345 2025 4433 γένοιτο
2056 4338 2221 4431 γυνη
2252 4339 2576 4428 βουκόλου
