3099 5241
1218 416 1714 469 KATAnaom.
2380 410 2502 478 157

422 616 626 676 μενος
654 589 776 674 τήν
806 586 1079 674 τρυφήν.
1160 591 1376 658 ΡΑΔ.
1444 583 1520 655 ,εὖ
1553 591 1782 678 λέγεις·
1831 589 1937 653 καὶ
1971 583 2506 654 καταδεδικάσθω

426 697 532 760 καὶ
611 691 793 780 παρὰ
873 691 993 759 τὸν
1071 692 1414 760 Τάνταλον
1493 694 1817 783 ἀπαχθεὶς
1885 692 2117 758 οὑτωσὶ
2188 689 2502 766 δεδέσθω,

426 801 858 885 μεμνημέιός
903 793 993 865 ὧν
1039 798 1273 884 ἔπραξε
1314 796 1496 883 παρὰ
1542 796 1655 865 τὸν
1698 796 1870 887 βίον.

432 1026 493 1080 G.
527 1024 870 1080 Hermannus
906 1025 965 1083 id
992 1025 1307 1094 judicarunt
1342 1025 1653 1094 corruptum
1695 1041 1830 1079 esse.
1902 1024 2046 1094 quod
2080 1041 2177 1093 ego
2212 1023 2269 1077 in
2309 1021 2410 1088 Qu.
2448 1020 2508 1076 L.

431 1130 483 1182 p.
523 1118 622 1171 152
656 1113 735 1167 ita
768 1112 996 1180 scripsi:
1034 1112 1342 1181 ,mirificum
1376 1112 1527 1166 istud
1566 1112 1756 1166 οὑτοσὶ
1794 1111 1939 1181 vide,
1985 1127 2052 1164 ne
2100 1111 2175 1165 sit
2221 1126 2291 1164 ex
2341 1108 2514 1166 οὕτως

434 1199 520 1253 vel
569 1200 711 1252 virm
762 1200 994 1254 enatum‘
1008 1182 1021 1200 ¹
1044 1215 1226 1253 veram
1270 1200 1654 1255 correctionem
1702 1199 1890 1253 saltem
1935 1198 2205 1253 inchoavi.
2286 1195 2512 1266 perfecit

433 1287 734 1341 inchoatam
789 1286 850 1339 G.
905 1285 1243 1339 Hermannus
1304 1288 1360 1340 et
1427 1287 1631 1340 οὑτωσὶ
1694 1287 1828 1340 bene
1890 1285 2148 1339 restituit.
2237 1285 2367 1338 adeo
2417 1281 2511 1337 hic

436 1390 647 1443 quoque
709 1373 759 1427 is
824 1389 969 1427 error
1020 1372 1344 1427 commissus
1396 1375 1496 1442 est,
1565 1390 1671 1442 quo
1727 1365 1890 1430 οὗτος
1943 1372 2137 1442 ὑφέξει
2189 1388 2283 1441 pro
2340 1370 2514 1426 οὕτως

440 1461 631 1530 ἱ·φέξει
657 1460 919 1529 scriptum
942 1475 1061 1514 esse
1086 1459 1242 1514 modo
1267 1460 1525 1515 vidimus.
1576 1460 1854 1529 aptissime
1873 1476 2000 1514 vero
2027 1459 2226 1512 οὑτωσὶ
2257 1455 2511 1512 δεδέσθω

437 1547 643 1602 dictum
694 1563 813 1602 esse
865 1547 1009 1601 haud
1061 1547 1291 1617 negabit,
1347 1547 1656 1617 quicunque
1710 1547 2017 1602 meminerit
2067 1549 2356 1615 tyrannum
2403 1545 2515 1613 jam

438 1634 607 1689 multo
654 1636 774 1688 ante
810 1634 1055 1688 vinctum
1099 1634 1271 1714 fuisse
1320 1635 1389 1707 (c.
1426 1641 1488 1693 3:
1539 1632 1842 1704 δεδεμένον
1876 1635 2001 1688 τινά
2038 1636 2093 1688 et
2128 1651 2174 1688 c.
2211 1639 2272 1691 4:
2324 1631 2514 1685 συλλα-

437 1722 629 1793 βάντες
677 1721 848 1774 αὐτὸν
898 1721 1201 1791 ἐδήσαμεν)
1249 1723 1305 1776 et
1350 1739 1446 1791 per
1493 1723 1668 1776 totum
1713 1721 1985 1792 dialogum
2031 1722 2091 1775 in
2126 1720 2363 1776 vinculis
2397 1736 2518 1788 per-

437 1808 715 1873 mansisse,
771 1825 837 1862 ne
890 1809 1090 1862 iterum
1143 1809 1208 1862 ad
1260 1825 1484 1878 superos
1537 1811 1789 1878 aufugere
1842 1811 2041 1878 posset.
2239 1805 2517 1876 δεδέσθω]

439 1894 699 1950 δεδόσθω
738 1897 804 1949 A.
981 1896 1125 1950 κατὰ
1165 1896 1314 1954 ἩΦῈ
1348 1899 1403 1950 et
1437 1915 1491 1966 v,
1530 1898 1626 1952 sed
1660 1899 1817 1965 παρὰ
1856 1897 1948 1951 AC
1982 1898 2142 1951 recte.
2209 1927 2277 1936 -
2313 1894 2520 1950 absolvi

438 2000 612 2037 meam
650 1982 854 2051 Catapli
898 1984 1281 2053 recensionem,
1332 2001 1466 2053 quae
1514 1985 1579 2039 ab
1615 1985 1950 2040 Jacobitiana
1997 1984 2165 2039 distat
2210 1982 2520 2052 plurimum.

443 2069 535 2124 ille
582 2070 729 2123 enim
773 2072 829 2123 et
865 2071 959 2139 qui
993 2071 1059 2124 ab
1094 2088 1157 2126 eo
1195 2070 1425 2140 pendent
1459 2071 1668 2125 Bekker
1701 2073 2120 2141 Dindorfiusque
2158 2070 2522 2126 Gorlicensem

446 2156 543 2227 (A)
581 2156 893 2225 plerumque
942 2157 1117 2212 secuti
1168 2159 1314 2225 sunt,
1361 2175 1459 2226 ego
1506 2159 1572 2212 ab
1619 2159 1776 2223 libris
1825 2159 1931 2218 214>
1964 2159 2167 2228 ubique
2215 2156 2524 2227 proficiscor

448 2243 727 2299 codicibus
753 2243 856 2302 -AF
890 2245 948 2296 in
984 2244 1273 2298 consilium
1320 2245 1598 2314 adhibitiS,
1648 2262 1783 2316 quos
1832 2247 2048 2315 penitus
2097 2246 2228 2300 olim
2272 2246 2390 2314 ipse
2427 2259 2522 2296 ex-

448 2331 615 2385 cussi.
687 2332 920 2384 attamen
965 2333 1200 2386 nostram
1246 2332 1613 2386 recensionem
1657 2334 1750 2386 hic
1798 2333 1913 2387 illic
1951 2333 2165 2389 vincere
2212 2333 2425 2403 poterit,
2475 2334 2526 2387 si

449 2419 541 2474 cui
587 2419 720 2472 forte
766 2419 1052 2488 contigerit
1094 2418 1407 2473 melioribus
1452 2419 1616 2472 etiam
1665 2436 1825 2488 quam
1852 2419 1999 2472 'sunt
2039 2422 2210 2475 nostri
2246 2421 2526 2475 codicibus

449 2507 641 2575 potiri:
695 2507 753 2560 id
802 2507 944 2575 quod
993 2507 1146 2560 decet
1190 2506 1458 2574 exoptare,
1504 2509 1813 2575 exspectare
1848 2507 1947 2559 vix
1981 2506 2125 2560 licet.
2199 2506 2278 2561 sic
2315 2522 2527 2575 quoque

448 2595 594 2649 haud
641 2611 758 2649 raro
804 2594 1048 2649 mendosi
1096 2593 1310 2648 codices
1356 2593 1553 2662 reperti
1602 2594 1731 2649 sunt
1775 2593 1842 2647 ad
1887 2610 2057 2648 unum
2105 2610 2288 2649 omnes
2335 2610 2528 2663 resque

453 2684 569 2735 tum
603 2682 671 2736 ad
706 2682 872 2736 solam
907 2682 1070 2735 rediit
1104 2682 1543 2738 emendationem.
1619 2684 1967 2735 veruntamen
2002 2682 2209 2751 Augiae
2257 2681 2528 2736 stabulum

452 2785 574 2823 esse
622 2768 933 2838 ,Cataplum‘
980 2769 1158 2823 dicere
1202 2768 1351 2824 nolo:
1404 2769 1507 2824 hoc
1555 2753 1725 2823 unum
1779 2770 1917 2836 dico,
1970 2786 2114 2823 nunc
2165 2770 2379 2823 tandem
2432 2787 2530 2823 nos

454 2873 483 2909 e
532 2856 761 2925 quodam
814 2858 1218 2925 corruptionum
1270 2856 1457 2911 nidulo
1504 2855 1734 2910 feliciter
1780 2856 2038 2911 evolasse.
2109 2856 2341 2925 denique
2389 2857 2532 2925 quod

455 2944 520 2998 ad
555 2944 840 3012 rhythmos
876 2944 1095 3011 adtinet,
1144 2943 1238 3013 qui
1283 2944 1347 2997 ab
1384 2943 1657 2999 Theodoro
1704 2945 1738 2997 f.
1776 2944 1986 3013 egregie
2035 2942 2341 3013 pertractati
2388 2945 2532 3010 sunt,

456 3031 594 3086 scito
620 3047 832 3085 omnem
864 3032 973 3084 fere
996 3031 1159 3100 hujus
1185 3031 1383 3100 dialogi
1408 3032 1698 3085 orationem
1722 3047 1841 3086 esse
1867 3047 2218 3095 numerosam,
2255 3046 2533 3084 numeros·

459 3136 562 3188 que
598 3119 746 3188 ipsos
782 3118 984 3186 ubique
1019 3135 1090 3171 ex
1125 3135 1314 3188 genere
1350 3120 1593 3173 constare
1639 3117 1870 3173 iambico
1904 3120 1960 3172 et
1994 3118 2265 3173 interdum
2300 3118 2367 3171 ad
2395 3117 2534 3185 justi

456 3207 687 3262 trimetri
724 3205 1140 3261 similitudinem
1176 3206 1424 3275 opinione
1460 3205 1683 3275 propius
1725 3207 1990 3260 accedere.

598 3295 700 3366 [Ut
751 3294 986 3363 spatium
1038 3311 1271 3348 vacuum
1323 3293 1631 3363 expleatur,
1686 3295 1805 3347 tum
1858 3293 2085 3347 aliorum
2138 3291 2537 3358 emendationes

457 3382 759 3439 luculentas
795 3383 913 3436 tum
948 3399 1094 3436 meas
1132 3382 1436 3451 φροντίδας
1473 3380 1735 3450 δευτέρας
1769 3382 1835 3435 de
1871 3381 2007 3436 locis
2033 3380 2355 3449 quibusdam
2390 3395 2538 3433 men-

459 3469 606 3524 dosis
640 3468 776 3523 libet
824 3469 961 3524 infra
1008 3471 1285 3539 adponere.
1368 3470 1435 3524 In
1463 3469 1831 3538 ‘Philopseude
1875 3485 1919 3522 c.
1957 3473 2023 3526 21
2061 3467 2188 3521 libri
2224 3482 2409 3521 omnes
2443 3482 2541 3519 ex-

458 3555 665 3609 hibeat:
719 3557 820 3622 τὴι·
869 3558 1057 3625 θύραν
1100 3562 1471 3626 περιτρέπων.
1565 3556 1773 3611 Irascor
1824 3555 1964 3608 mihi
2012 3554 2157 3623 ipse,
2213 3554 2309 3623 qui
2358 3552 2477 3606 Vol.
2513 3553 2543 3607 Ι

461 3641 523 3695 P.
549 3642 602 3695 II
628 3660 679 3710 p.
708 3648 807 3700 125
842 3644 941 3698 has
976 3661 1147 3714 nugas
1184 3646 1347 3700 tacito
1382 3644 1699 3699 retinuerim
1733 3659 1905 3712 neque
1942 3641 2172 3695 viderim
2205 3643 2308 3707 τὴν
2342 3644 2544 3694 θυείαν

464 3728 607 3798 (sive
643 3728 837 3795 θυΐαν)
875 3737 1230 3800 περιτρέπων
1276 3732 1621 3787 scribendum
1669 3746 1807 3798 esse,
1862 3730 1916 3782 h.
1953 3745 1999 3782 e.
2038 3728 2367 3795 ,mortarium
2414 3727 2543 3781 sub-

464 3817 712 3871 vertens‘.
804 3818 960 3882 Quod
1014 3819 1194 3887 ipsum
1251 3821 1436 3888 postea
1488 3817 1669 3872 critici
1721 3815 1965 3870 certatim
2019 3814 2321 3883 viderunt,
2362 3813 2437 3868 M.
2488 3814 2544 3869 C.

468 3904 626 3958 Gertz
645 3904 831 3958 Dauus
867 3906 922 3958 et
956 3921 1017 3959 eo
1043 3907 1188 3974 prior
1202 3906 1528 3960 Hartmanus
1545 3904 1787 3957 Batavus
1824 3903 1878 3957 et
1912 3902 2119 3970 primus
2155 3901 2396 3956 omnium
2418 3900 2544 3954 Erv.

465 3992 651 4047 Rohde
698 3993 907 4046 nostras
955 3992 1303 4047 doctissimus
1348 3994 1436 4048 vir
1482 3994 1537 4060 et
1586 3992 1651 4045 de
1687 3989 1925 4045 Luciano
1961 3989 2163 4059 optime
2197 3988 2442 4041 merituS.
2479 4016 2547 4026 -—

464 4080 705 4150 Philops.
744 4096 790 4133 c.
829 4084 898 4137 34
932 4079 1051 4133 init.
1087 4080 1219 4134 haec
1254 4080 1507 4150 leguntur
1557 4080 1616 4133 in
1649 4077 1955 4132 Reitziana:
2005 4077 2361 4146 Παγκράτην,
2415 4074 2544 4143 ἔφη,

466 4167 654 4238 λέγεις,
708 4167 737 4221 ὁ
770 4167 1093 4237 Ἀρίγνωτος
1129 4167 1265 4234 ἐμὸν
1302 4165 1641 4221 διδάσκαλον
1678 4163 1833 4233 ἶερὸν
1870 4163 2050 4231 ἄνδρα
2088 4162 2444 4232 ἐξυρημένον,
2494 4162 2551 4213 ἓν

468 4254 741 4319 ὀθονίοις,
784 4254 1054 4326 νοήμονα,
1108 4258 1375 4323 καθαρῶς
1421 4252 1774 4321 ἑλληνίζοντα
1811 4283 1894 4310 -.
1976 4250 2091 4320 Ego
2126 4250 2184 4303 in
2221 4249 2286 4303 V.
2321 4249 2351 4303 I
2396 4248 2458 4303 P.
2494 4248 2553 4303 Π

468 4360 521 4412 p.
561 4349 660 4402 136
694 4345 839 4400 recte
875 4336 1211 4412 transposui:
1268 4340 1576 4411 Παγράτην
1612 4338 1799 4409 λέγεις,
1842 4340 1946 4409 ἔφη
1991 4339 2019 4392 ὀ
2052 4338 2374 4407 Ἀρίγνωτος
2406 4338 2551 4389 tum-

471 4449 574 4504 que
612 4434 732 4504 post
771 4431 1108 4502 ἐξνρημένον
1143 4428 1392 4484 voculam
1432 4429 1518 4483 ἀεὶ
1555 4427 1736 4484 addidi
1773 4444 1843 4483 ex
1883 4425 2037 4495 ‹l›Ma,
2073 4427 2128 4479 et
2161 4441 2256 4496 pro
2286 4426 2555 4493 καθαρῶς
