3099 5241
559 400 704 474 138
1365 430 1827 482 Aer-immor

549 608 669 670 τοῦ
726 608 990 687 θυμιᾶν
1031 601 1139 668 καὶ
1180 598 1263 668 τὰ
1306 600 1517 688 μηρία
1562 599 1768 669 καίειν
1812 602 1921 667 ἐπὶ
1964 607 2098 668 τῶν
2138 602 2406 689 βωμῶν.
2501 601 2630 687 ὁρῶ

553 705 625 773 δέ
678 732 753 796 γε
810 704 988 792 ὑμᾶς
1042 702 1326 791 μάλιστα
1370 705 1714 796 χαίροντας
1756 711 1843 793 τῷ
1888 713 2115 794 καπνῷ
2160 707 2267 772 καὶ
2309 702 2430 790 τήν
2476 704 2635 771 εὕω-

551 813 699 900 χίαν
740 807 995 896 ταύτην
1038 809 1316 895 ἡδίστην
1361 811 1731 896 οἰομένους,
1785 806 2040 876 ὁπόταν
2086 813 2151 885 ἐς
2191 807 2308 876 τὸν
2350 807 2636 894 οὐρανὸν

548 914 592 1000 ἦ
638 927 830 982 κνῖσα
874 915 1326 1003 παραγένηται
1369 915 1816 1000 ,,ἑλισσομένη
1862 915 2011 1000 περὶ
2056 922 2371 1001 καπνῷ.“
2445 918 2638 980 ἐναν-

548 1015 827 1104 τιωτάτη
895 1020 1119 1085 τοίνυν
1178 1016 1220 1103 ἡ
1283 1019 1542 1105 μέμψις
1588 1020 1755 1104 αὕτη
1804 1017 1890 1084 ἂν
1931 1021 2184 1108 γένοιτο
2229 1023 2312 1106 τῇ
2355 1016 2639 1103 ὑμετέρᾳ

551 1123 899 1211 ἐπιθυμίᾳ.
1004 1119 1333 1208 θαυμάζω
1360 1166 1365 1171 ·
1395 1122 1467 1189 δὲ
1523 1124 1702 1198 ὅπως
1760 1121 1897 1212 οὐχὶ
1952 1124 2058 1189 καὶ
2116 1120 2238 1189 τὸν
2292 1123 2481 1207 ἥλιον
2532 1147 2636 1186 κε-

552 1224 767 1294 λεύετε
823 1224 921 1313 μῆ
985 1223 1441 1312 καταλάμπειν
1497 1224 1763 1302 αὐτούς·
1823 1227 2033 1293 καίτοι
2092 1233 2226 1313 πῦρ
2280 1227 2388 1292 καὶ
2448 1221 2638 1299 οὗτός

554 1336 690 1398 ἐστι
742 1329 908 1398 πολῦ
971 1327 1325 1417 θειότερόν,
1372 1356 1445 1396 τε
1487 1332 1595 1396 καὶ
1639 1330 2155 1417 πυρωδέστερον.
2248 1330 2295 1415 ἢ
2340 1330 2639 1398 κάκεῖνον

556 1439 863 1503 αἰτιᾶσθε
919 1434 1002 1511 ὥς
1065 1442 1433 1502 σπαθῶντα
1478 1433 1671 1522 ὑμῶν
1714 1433 1790 1501 τὸ
1834 1444 2057 1522 κτῆμα
2069 1463 2097 1517 ,·
2157 1439 2403 1521 εἴρηκα.
2501 1432 2637 1521 σφῶ

556 1538 649 1618 δὲ,
723 1534 773 1605 ὦ
818 1537 1035 1627 Ἐρμῆ
1104 1540 1211 1606 καὶ
1255 1540 1604 1627 ’Ἠφαιστε,
1680 1542 1744 1605 εἴ
1793 1565 1856 1606 τι
1911 1537 2009 1626 μὴ
2071 1541 2275 1615 καλῶς
2332 1543 2638 1625 εἰρῆσθαι

553 1768 719 1823 scribi
754 1768 911 1838 jubet
945 1766 1138 1838 ἀγυιᾶς
1174 1766 1270 1836 (ὡς
1306 1765 1416 1820 ἀπὸ
1466 1767 1566 1820 τοῦ
1615 1765 1857 1836 ἀγυιέας]
1903 1766 2104 1821 frustra
2149 1765 2423 1821 conferens
2471 1765 2637 1820 Arist.

551 1856 714 1926 Vesp.
753 1855 820 1924 (v.
858 1853 1000 1923 875).
1076 1857 1263 1909 contra
1295 1854 1739 1908 Hemsterhusius
1774 1852 1997 1907 formam
2032 1851 2222 1923 ἀγυιάς
2260 1855 2447 1907 tuetur
2478 1852 2639 1921 idque

553 1959 618 1997 ex
650 1942 836 1996 multis
872 1942 1099 1997 Luciani
1132 1941 1264 1996 locis
1298 1942 1456 2011 plane
1491 1942 1677 2010 colligi
1709 1958 1867 2011 posse
1902 1941 2183 1995 existimat.
2254 1942 2312 1994 at
2345 1940 2514 1994 multa
2529 1940 2637 1994 Lu·

553 2029 708 2094 ciani,
754 2028 813 2083 in
847 2029 1042 2098 quibus
1092 2031 1176 2085 est
1222 2029 1325 2082 hoc
1359 2028 1515 2082 Arati
1549 2029 1752 2090 ,πᾶσαι
1788 2027 1890 2096 μὲν
1928 2025 2134 2097 ἀγυιαῦ
2171 2026 2256 2095 (ut
2289 2043 2451 2097 supra
2485 2026 2516 2093 ἓ
2554 2027 2638 2094 14)

551 2115 658 2170 huc
692 2132 800 2171 non
832 2116 1119 2186 pertinent.
1192 2132 1314 2169 nam
1361 2118 1417 2169 et
1452 2116 1803 2185 Harpocratio
1851 2117 1907 2169 et
1954 2114 2244 2169 scholiasta
2292 2112 2358 2167 de
2397 2113 2499 2167 hac
2534 2129 2640 2166 una

550 2201 778 2257 formula
811 2202 1004 2254 κνισᾶν
1041 2199 1233 2273 ἀγυιάς
1265 2203 1576 2271 loquuntur.
1649 2219 1810 2272 quare
1844 2202 1997 2256 ambo
2015 2200 2283 2255 refutandi
2318 2202 2469 2254 erant
2503 2200 2637 2253 alius

552 2290 657 2344 loci
690 2290 1022 2355 auctoritate,
1057 2289 1151 2343 Bis
1187 2289 1437 2344 Accusat.
1477 2289 1508 2355 ξ
1546 2291 1608 2345 2:
1659 2286 1955 2341 ἀκνίσωτοι
2002 2283 2062 2341 δὲ
2114 2284 2179 2340 αἰ
2216 2286 2418 2357 ἀγυιαί.
2490 2302 2639 2341 acce-

554 2376 638 2431 dit
650 2394 772 2431 vero
807 2376 898 2431 hic
933 2377 1050 2447 ipse
1067 2376 1232 2441 locus,
1268 2376 1448 2446 inquo
1465 2376 1626 2430 hodie
1662 2376 1858 2430 scimus
1897 2374 2092 2427 κνισᾶν
2123 2374 2224 2431 τὰς
2261 2372 2452 2444 ἀγυιάς
2466 2390 2640 2429 veram

562 2481 680 2518 esse
696 2462 980 2517 lectionem
1015 2464 1071 2517 et
1104 2463 1394 2533 antiquam.
1464 2465 1528 2516 tu
1562 2462 1684 2517 vide
1719 2463 1880 2517 etiam
1915 2463 2111 2533 optime
2148 2462 2507 2531 disputantem
2536 2460 2639 2515 Co-

552 2551 739 2605 betum
754 2551 821 2606 V.
843 2551 905 2605 L.
926 2567 979 2620 p.
1001 2553 1120 2616 224,
1158 2567 1261 2622 quo
1293 2549 1473 2619 judice
1506 2549 1682 2603 inanis
1718 2552 1802 2603 est
1835 2549 1966 2603 haec
2002 2549 2361 2604 controversia
2394 2550 2449 2602 et
2464 2564 2639 2617 gram-

553 2637 869 2693 maticorum
920 2637 1149 2692 eruditio
1202 2639 1523 2708 importuna.
1609 2640 1667 2691 at
1713 2654 1969 2707 quaenam
2028 2654 2112 2691 res
2172 2636 2641 2706 Harpocrationem

555 2727 738 2794 egerat
768 2724 1168 2780 transversum?
1238 2724 1332 2794 qui
1367 2740 1530 2794 quum
1567 2722 1760 2792 ἀγυιᾶς
1777 2723 2005 2793 explicet
2022 2723 2195 2778 verbis
2215 2724 2343 2779 τοὺς
2378 2721 2489 2789 πρὸ
2530 2721 2642 2785 τῶν

557 2806 751 2865 οἰκιῶν
785 2809 1008 2882 βωμούς
1034 2814 1090 2867 et
1107 2811 1459 2881 Sophocleum
1492 2811 1631 2865 illud
1666 2808 1895 2879 ,λάμπει
1932 2806 1987 2862 δ’
2031 2808 2248 2878 ἀγυιεὺς
2282 2808 2490 2879 βωμός(
2526 2809 2641 2877 ipse

554 2899 742 2954 addat:
795 2899 1006 2954 videtur
1054 2897 1311 2967 ejusmodi
1355 2898 1488 2952 locis
1523 2898 1862 2968 potissimum
1907 2899 2083 2951 motus
2117 2895 2300 2962 fuisse,
2352 2897 2412 2950 in
2446 2896 2639 2965 quibus

555 2985 750 3038 κνισᾶν
784 2983 1009 3056 βωμούς
1057 2985 1318 3055 scriptum
1349 2984 1590 3050 vidisset,
1639 2984 1810 3054 qualis
1853 2983 1943 3037 hic
1991 2986 2076 3037 est
2119 2984 2179 3036 in
2213 2983 2399 3052 Eurip.
2436 2982 2637 3036 Alcest.

555 3090 603 3128 v.
644 3075 809 3130 1159:
858 3070 1080 3142 βωμούς
1113 3091 1175 3125 τε
1211 3069 1405 3124 κνισᾶν
1439 3099 1527 3123 --.
1675 3068 1792 3139 ὁρῶ
1833 3066 1897 3122 δέ
1941 3089 2002 3139 γε
2037 3070 2208 3131 ΒΩΦ,
2262 3068 2379 3137 ὁρῶ
2423 3064 2483 3121 δὲ
2518 3086 2552 3122 v
2587 3069 2642 3121 et

557 3158 756 3213 diserte
790 3155 856 3215 21.
1002 3155 1055 3215 ἐς
1089 3156 1190 3210 τὸν
1222 3158 1285 3223 Β,
1324 3152 1400 3214 εἰς
1432 3156 1533 3209 τὸν
1568 3154 1725 3214 ἓΙΩΦ
1760 3160 1815 3211 et
1847 3175 1896 3211 v.
2041 3157 2200 3209 κνῖσα
2234 3154 2443 3224 Βὲῐβὶ),
2483 3157 2642 3208 κνίσα

559 3249 631 3308 Φ,
673 3247 865 3299 κνίσσα
900 3264 948 3300 v.
1086 3247 1471 3315 παραγένηται
1506 3241 1662 3301 2194>
1699 3242 1955 3312 (diserte),
1991 3245 2370 3314 παραγένηται
2384 3243 2449 3308 Β,
2483 3245 2639 3312 γένη-

556 3351 653 3384 ται
685 3350 734 3386 v.
878 3328 1200 3399 ἑλισσομένη
1250 3332 1312 3389 Β.
1383 3324 1941 3386 111161115111·’Ηο11161·103,
1972 3330 2043 3385 .Π.
2084 3328 2153 3392 α’,
2193 3332 2325 3387 317:
2377 3331 2530 3393 κνίση
2584 3324 2637 3380 δ’

560 3416 805 3487 οὐρανὸν
842 3415 957 3472 ἷκεν
1005 3415 1327 3487 ἑλισσομένη
1373 3425 1505 3486 περὶ
1539 3418 1749 3484 καπνῷ.
1907 3414 2042 3483 αὕτη
2098 3415 2165 3470 (ἲν
2208 3420 2424 3486 γένοιτο
2460 3416 2523 3481 Β,
2576 3412 2645 3467 ἂν

557 3507 775 3576 γένοιτο
815 3505 950 3574 αὕτη
991 3503 1147 3563 ἓῐΩΦ
1183 3509 1238 3561 et
1272 3524 1321 3561 v.
1462 3503 1705 3574 ύμετέρᾳ
1738 3501 1943 3560 ΒἩΩΦ
1979 3520 2101 3558 cum
2137 3503 2361 3574 Guyet0‚
2398 3501 2645 3572 ἡμετέρᾳ

559 3591 677 3647 edd.
714 3594 843 3648 vett.
981 3588 1232 3646 κελεύετε
1268 3591 1345 3660 μὴ
1383 3593 1447 3657 Β,
1483 3589 1826 3645 κεκωλύκατε
1863 3588 2019 3648 2194>
2054 3593 2110 3645 et
2142 3609 2190 3657 v,
2236 3591 2378 3661 quod
2410 3593 2643 3644 sumtum

556 3679 768 3735 videtur
801 3697 832 3733 θ
867 3679 1031 3734 simili
1065 3680 1182 3733 loco
1217 3679 1250 3746 ἓ
1272 3682 1364 3736 18:
1397 3677 1614 3731 τούτων
1645 3675 1877 3730 κωλύειν
1911 3674 2283 3745 μεταδιδόναι
2299 3706 2385 3730 —-.
2528 3675 2643 3745 πῦρ

559 3772 655 3819 καὶ
691 3753 853 3823 οὗτος
885 3762 1109 3828 ΒὲῑΩΦ,
1165 3765 1278 3835 πῦρ
1316 3753 1478 3821 οὗτος
1510 3783 1561 3820 v.
1716 3763 1849 3832 ἐστι]
1901 3762 2049 3817 ἐστιν
2089 3768 2157 3817 Φ.
2312 3756 2350 3833 ἦ
2386 3762 2645 3817 κάκεῖνον

559 3852 622 3907 Β.
763 3850 919 3920 ὑμῶν
951 3850 1102 3910 Βὲῐῼ
1137 3868 1258 3907 cum
1294 3850 1517 3920 Guyeto‚
1564 3848 1725 3919 ἡμῶν
1758 3870 1792 3906 v
1820 3853 1878 3906 et
1910 3849 2135 3906 fortasse
2156 3854 2225 3905 Φ.
2371 3852 2509 3905 εἴτι
2542 3849 2641 3920 μὴ]

564 3935 598 3991 ὅ
630 3956 688 3990 τι
721 3937 798 4006 μὴ
843 3942 910 3991 Φ.
1056 3935 1379 3992 διευθύνετε
1414 3938 1477 4003 Β,
1516 3933 1849 3991 διευθύνατε
1886 3935 2042 3994 ἓῖΩΦ
2076 3940 2132 3992 et
2152 3956 2201 3993 v.
2344 3933 2644 4006 διελέγχετε

562 4026 669 4077 ΩΦ
704 4027 761 4079 et
792 4043 840 4091 v,
891 4022 1199 4096 διαλέγχετε
1236 4023 1302 4092 21,
1353 4021 1718 4094 διεξελέγχει-ε
1752 4025 1815 4079 Β.
1885 4024 2012 4078 hine
2044 4024 2253 4078 Mehler
2295 4026 2355 4078 in
2385 4025 2641 4079 MnemOS.

562 4111 624 4166 H
658 4129 712 4182 p.
752 4115 819 4169 79
858 4110 1158 4182 ἐξελέγχετε
1193 4113 1329 4168 bene
1362 4113 1605 4167 restituit
1640 4111 1925 4182 eodemque
1956 4109 2112 4175 modo
2148 4110 2382 4166 Oobetus
2417 4111 2475 4164 in
2495 4111 2561 4165 V.
2578 4109 2641 4163 L.

563 4215 617 4268 p.
655 4199 763 4254 224
796 4199 1030 4269 scripsit.
1100 4202 1284 4254 noster
1315 4200 1458 4254 enim
1489 4199 1796 4269 frequentat
1838 4199 1932 4252 ille
1980 4197 2194 4268 quidem
2239 4200 2537 4267 utrumque,
2590 4197 2647 4250 et

566 4281 864 4354 ἐξελέγχειν
909 4289 966 4340 et
1015 4286 1156 4356 quod
1202 4285 1355 4341 modo
1403 4286 1436 4354 ξ
1472 4289 1505 4343 6
1547 4286 1852 4357 praecessit,
1909 4280 2219 4357 διελέγχειν.
2294 4287 2352 4338 at
2395 4300 2518 4339 vero
2554 4282 2646 4337 hic

564 4371 779 4442 quidem
827 4372 938 4430 diei
985 4389 1094 4428 nou
1142 4376 1354 4445 poterat
1405 4369 1730 4428 διευθύνετε
1782 4378 1877 4425 καὶ
1930 4368 2253 4443 διελέγχετε.
2353 4372 2539 4426 contra
2588 4370 2647 4424 in
