3099 5241
546 428 786 493 LXVIII
1398 429 1497 491 DE
1551 430 1787 492 LIBRIS

550 612 838 677 dationes
897 611 1155 677 Bekker‘
1204 614 1437 697 partim
1498 632 1700 677 senex
1768 613 2027 676 demum
2087 613 2341 696 reperit,
2405 613 2638 696 partim

550 735 787 799 earum,
834 718 890 781 si
935 717 1196 801 quando
1225 717 1555 781 Lucianus
1592 719 1950 781 necessario
1982 717 2406 781 conferendus
2450 721 2636 798 esset,

546 823 822 906 margini
870 822 1004 904 jam
1056 823 1241 906 prius
1295 822 1714 906 adscripserat
1770 822 1960 886 annis
2020 821 2410 886 melioribus
2519 822 2635 884 At-

549 930 766 990 tamen
813 926 1279 990 demonstrasse
1323 925 1569 1008 videor,
1615 946 1868 1011 operam
1913 928 1983 989 in
2028 925 2316 990 Luciano
2360 926 2630 1010 positam

549 1032 666 1094 vix
711 1031 866 1095 satis
925 1030 1186 1114 dignam
1244 1031 1466 1113 fuisse,
1529 1050 1696 1114 quae
1742 1029 2030 1095 Bekkero
2075 1033 2270 1095 totius
2315 1030 2638 1114 scriptoris

550 1153 692 1200 6336
732 1135 1058 1199 videretur
1101 1136 1506 1219 ,recognitio‘.
1583 1134 1870 1220 Longius
1915 1137 2105 1200 etiam
2148 1154 2526 1220 progressus
2569 1134 2637 1196 in

551 1238 736 1303 Varr.
799 1238 969 1304 Lect.
1032 1238 1235 1304 Praef.
1292 1261 1354 1324 p.
1413 1239 1553 1304 XX
1613 1239 1889 1304 Cobetus
1944 1241 2220 1305 Bekkeri
2278 1238 2638 1302 Lucianum

555 1348 912 1427 auguratur
960 1346 1101 1425 ,cito
1145 1346 1506 1428 periturum
1553 1345 1733 1409 esse‘.

729 1448 874 1513 Sed
900 1468 1104 1532 quum
1152 1449 1406 1513 criticae
1451 1450 1604 1512 artis
1648 1468 1857 1532 genus
1890 1450 1972 1513 sit
2017 1449 2276 1533 duplex,
2321 1448 2641 1511 inferioris

556 1551 634 1615 de
681 1571 809 1635 quo
856 1572 1052 1636 supra
1097 1553 1341 1617 dictum
1386 1560 1483 1619 est
1526 1560 1590 1619 et
1635 1555 2000 1639 superioriS,
2046 1554 2123 1617 de
2154 1572 2384 1637 genere
2425 1553 2642 1615 altiore

556 1655 921 1720 Bekkerum
965 1658 1181 1741 paullo
1226 1659 1458 1723 melius
1500 1661 1918 1743 promeritum
1974 1676 2112 1721 esse
2158 1675 2498 1720 censemus
2542 1654 2644 1717 vel

556 1761 795 1825 idcirco
842 1762 1018 1845 quod
1058 1763 1310 1845 justum
1358 1763 1755 1847 dialogorum
1804 1763 2094 1827 ordinem
2137 1761 2639 1844 haudquaquam

554 1866 858 1949 neglexit.
973 1866 1140 1930 Nam
1207 1866 1621 1932 Lehmannus
1688 1887 1894 1950 meuS,
1964 1872 2036 1930 ut
2093 1867 2181 1929 ait
2244 1867 2314 1928 in
2374 1863 2639 1928 Praefat.

556 1989 619 2053 p.
677 1969 864 2053 XIV,
924 1972 1044 2035 etsi
1103 1991 1348 2035 novum
1403 1973 1738 2036 instituere
1801 1972 2090 2036 ordinem
2149 1970 2455 2050 voluerat,
2517 1986 2641 2051 quo

558 2073 780 2138 ordine
847 2076 1089 2160 singuli
1156 2075 1304 2139 libri
1372 2075 1450 2139 ab
1509 2075 1794 2140 Luciano
1861 2078 2003 2161 ipso
2062 2075 2434 2138 viderentur
2495 2071 2644 2136 editi

561 2174 731 2242 esse:
780 2183 990 2244 tamen
1039 2184 1398 2264 temporum
1444 2187 1598 2245 nota
1626 2183 1730 2245 vel
1776 2181 2048 2244 obscura
2090 2180 2193 2244 vel
2232 2181 2424 2243 etiam
2468 2176 2646 2240 nulla

563 2281 902 2348 deterritus
971 2284 1211 2367 abJecto
1279 2286 1400 2350 hoc
1456 2286 1722 2349 consilio
1782 2286 1863 2349 ad
1920 2285 2248 2369 vulgarem
2306 2282 2494 2347 rediit
2550 2299 2646 2344 or-

565 2387 781 2452 dinem
827 2394 889 2452 et
933 2395 1332 2454 consuetum.
1424 2393 1514 2453 At
1557 2392 1827 2474 genuini
1881 2390 2028 2453 libri
2084 2394 2146 2454 et
2205 2388 2409 2472 spurii
2455 2385 2647 2469 vulgo

562 2493 701 2556 sine
769 2493 898 2556 ulla
962 2495 1208 2558 ratione
1275 2494 1765 2558 confunduntur
1822 2513 2033 2578 usque
2101 2513 2174 2558 eo
2242 2498 2317 2556 ut
2374 2492 2441 2554 hi
2507 2489 2649 2552 illos

563 2616 1035 2682 nonnunquam
1095 2598 1357 2663 alternis
1412 2600 1755 2684 excipiant.
1870 2599 2098 2683 Itaque
2153 2617 2270 2682 ego
2328 2601 2476 2661 ante
2532 2595 2649 2658 hos

561 2702 717 2767 LIII
784 2723 987 2767 annos
1053 2703 1310 2766 laudato
1377 2702 1737 2767 Lehmanni
1815 2704 2080 2767 consilio
2161 2708 2414 2766 tantum
2482 2705 2650 2764 certe

562 2809 874 2891 intellexi,
941 2808 1332 2872 adulterinos
1391 2808 1586 2872 libros
1643 2809 1905 2873 seorsim
1964 2808 2119 2892 poni
2181 2806 2410 2871 debere
2465 2810 2528 2869 et
2580 2805 2651 2866 in

561 2913 759 2979 finem
837 2914 993 2977 reici
1073 2913 1347 2996 ideoque
1427 2933 1560 2976 una
1628 2933 1778 2976 cum
1846 2910 2382 2993 ,Quaestionibus‘
2454 2908 2651 2972 libros

565 3025 806 3103 septem
864 3018 1072 3101 ipsius
1116 3016 1389 3081 Luciani
1446 3017 1726 3082 edendos
1788 3018 2009 3080 curavi
2068 3018 2304 3100 spuriis
2352 3013 2652 3077 omnibus

564 3124 754 3208 plane
799 3122 1099 3187 exclusis.
1179 3121 1385 3197 Quam
1415 3141 1549 3186 rem
1583 3122 1772 3185 etiam
1811 3122 2012 3185 multo
2058 3126 2203 3205 post
2245 3122 2313 3183 in
2361 3118 2650 3182 omnium

566 3247 832 3312 operum
880 3227 1159 3291 editione
1205 3226 1616 3290 collocatione
1664 3225 1913 3307 vulgari
1970 3239 2158 3309 saepe
2213 3229 2458 3288 mutata
2502 3242 2654 3286 con-

570 3340 810 3397 stanter
854 3329 1066 3395 adhuc
1110 3332 1316 3395 tuitus
1362 3351 1509 3395 sum
1555 3339 1748 3414 atque
1794 3329 2065 3393 defendi.
2180 3328 2306 3394 Sed
2366 3328 2651 3391 ordinem

567 3437 1038 3502 Lucianeorum
1105 3435 1447 3517 idoneum,
1527 3454 1721 3519 quem
1790 3453 1905 3518 ego
1975 3434 2234 3517 quidem
2301 3431 2655 3516 probarem,

573 3543 727 3607 satis
783 3541 998 3623 habui,
1063 3539 1440 3623 ubicunque
1499 3559 1603 3604 res
1661 3541 1868 3620 ferret,
1925 3539 1997 3601 in
2044 3537 2449 3601 adnotatione
2494 3535 2657 3598 clare

569 3648 910 3728 indicasse,
974 3645 1145 3729 quod
1204 3646 1343 3729 ipse
1399 3663 1551 3724 eum
1610 3646 1796 3728 sequi
1850 3643 2070 3726 inopia
2130 3641 2424 3705 codicum
2469 3656 2656 3721 saepe

569 3752 929 3837 prohibitus
975 3770 1164 3815 eram.
1257 3749 1661 3833 Simulatque
1707 3749 1881 3813 enim
1943 3747 2236 3810 codicum
2292 3741 2657 3809 collationes

572 3877 716 3922 meo
783 3876 924 3921 aere
1002 3861 1202 3920 emtas
1281 3855 1670 3938 accepissem
1689 3903 1705 3936 ,
1780 3853 1896 3916 hos
1976 3852 2385 3935 potissimum
2464 3848 2658 3911 libros

576 3963 828 4027 correxi
897 3968 1342 4044 correctosque
1410 3958 1740 4042 evulgavi,
1806 3957 2085 4021 necdum
2152 3956 2354 4020 editor
2410 3955 2660 4037 justum

574 4066 821 4150 ubique
867 4067 1155 4130 ordinem
1202 4082 1455 4129 servare
1498 4062 1701 4146 potui,
1749 4062 1863 4145 qui
1892 4062 1997 4125 vel
2042 4061 2256 4124 animo
2290 4059 2659 4141 designatus

574 4173 678 4237 vel
734 4190 957 4255 reapse
1016 4170 1095 4235 ab
1155 4189 1259 4234 me
1313 4168 1465 4231 iniri
1524 4173 1788 4250 coeptus
1844 4171 1991 4230 erat.
2099 4164 2239 4240 Quo
2295 4165 2499 4247 magis
2559 4162 2661 4224 hic

572 4282 856 4360 repetam
898 4275 966 4339 id
1016 4274 1188 4360 quod
1218 4274 1342 4337 alio
1386 4272 1524 4335 1060
1559 4271 1714 4353 dixi,
1757 4290 1981 4335 verum
2014 4271 2302 4358 ordinem
2332 4287 2367 4332 e
2398 4268 2661 4331 chrono-

574 4382 780 4465 logico
848 4386 910 4446 et
975 4399 1049 4445 eo
1120 4380 1233 4464 qui
1301 4377 1699 4461 argumentis
1763 4395 1980 4439 rerum
2044 4375 2318 4455 nitatur,
2384 4373 2661 4435 mixtum
