3099 5241
1180 448 1874 505 PSEUDOLUCIANEIS.
2324 448 2570 505 LXXIX

474 626 838 695 Lucianum
918 627 1194 710 scriptus
1276 630 1405 708 est,
1480 646 1648 710 nego
1726 631 1947 693 autem
2012 632 2077 692 et
2137 646 2417 712 pernego
2486 629 2568 693 ad

480 735 760 797 caeteros
828 731 893 794 id
974 736 1259 815 spectare
1335 729 1534 795 libros
1601 732 1885 815 spurios,
1968 732 2083 814 qui
2164 733 2356 816 paulo
2425 738 2570 817 post

478 834 842 900 Lucianum
888 836 1224 920 compositi
1269 839 1441 901 sunt.
1535 833 1749 911 Quare
1794 855 1929 900 non
1976 835 2203 900 dubito
2234 837 2569 902 adfirmare

478 940 649 1024 quod
718 941 924 1005 sentio
993 944 1055 1005 et
1123 940 1297 1023 quod
1361 959 1463 1004 res
1517 944 1646 1021 est,
1714 938 2079 1005 Bekkerum
2134 960 2350 1026 neque
2410 942 2569 1026 quid

478 1045 747 1128 dignum
828 1049 939 1109 aut
1013 1044 1362 1128 indignum
1441 1042 1730 1109 Luciano
1814 1045 1897 1108 sit
1975 1045 2271 1128 scivisse,
2351 1065 2568 1131 neque

476 1151 738 1213 omnino
771 1149 848 1215 de
877 1150 1072 1215 tantis
1102 1148 1321 1231 rebuS,
1369 1153 1650 1233 quantae
1678 1149 1785 1213 hic
1817 1149 2272 1231 dijudicatione
2302 1169 2567 1233 operum

478 1255 844 1338 spuriorum
890 1255 1328 1336 continentur,
1382 1258 1552 1323 recte
1597 1254 1884 1337 potuisse
1920 1254 2229 1336 judicare.
2325 1252 2570 1329 Quodsi

475 1358 804 1423 literarum
870 1359 1072 1423 honos
1138 1359 1206 1422 id
1277 1359 1437 1422 mihi
1504 1377 1765 1442 poscere
1830 1359 2014 1423 visus
2080 1363 2278 1439 esset,
2344 1358 2569 1423 eadem

388 1524 395 1531 .
478 1463 693 1527 omnia
738 1464 887 1526 vivo
933 1464 1146 1527 adhuc
1191 1464 1590 1546 scripsissem
1633 1460 1944 1544 Bekkero,
2005 1462 2113 1526 cui
2158 1463 2567 1528 exedendum

478 1572 645 1632 esset
692 1568 866 1651 quod
912 1567 1037 1632 sibi
1079 1568 1218 1650 ipse
1261 1568 1610 1631 intriverat.
1700 1566 1868 1631 Nam
1914 1567 2036 1631 hoc
2073 1587 2284 1634 unum
2314 1568 2568 1651 largior,

479 1673 603 1736 alio
670 1672 861 1736 modo
926 1673 1083 1736 istos
1126 1671 1407 1737 Bekkeri
1475 1691 1716 1736 errores
1784 1671 1959 1735 haud
2024 1671 2286 1737 inutiles
2345 1672 2565 1738 fuisse.

479 1775 933 1860 Praeterquam
1013 1778 1189 1841 enim
1258 1777 1433 1860 quod
1498 1777 1640 1860 ipsa
1702 1775 1999 1840 refutatio
2065 1776 2266 1842 literis
2333 1778 2569 1841 nostris

478 1881 777 1964 proderit,
831 1900 904 1945 eo
951 1881 1175 1945 saltem
1220 1881 1483 1945 nomine
1527 1879 1779 1945 Bekker
1821 1880 2188 1944 laudandus
2232 1885 2348 1960 est,
2396 1881 2569 1964 quod

478 1986 729 2069 pulchri
797 1987 1187 2069 venustique
1254 1985 1536 2070 aliquem
1606 2005 1867 2050 sensum
1936 1983 2161 2049 habuit
2215 1989 2278 2049 et
2334 1985 2569 2050 intelli·

480 2090 784 2172 gentiam.
899 2089 1273 2173 Complures
1354 2091 1528 2154 enim
1594 2089 1827 2172 libelli,
1906 2108 2067 2173 quos
2136 2087 2215 2152 ab
2281 2087 2567 2153 Luciano

483 2195 749 2278 scriptos
794 2213 934 2260 esse
976 2195 1254 2278 pessime
1298 2194 1582 2278 negavit,
1628 2193 1707 2258 ab
1745 2192 2032 2257 Luciano
2078 2193 2288 2256 adhuc
2324 2194 2567 2276 juvene

483 2300 817 2382 compositi
861 2305 1032 2363 aunt.
1124 2299 1230 2363 Ad
1277 2318 1471 2382 quam
1512 2317 1647 2362 rem
1681 2297 2242 2363 demonstrandam
2272 2297 2566 2381 exemplo

482 2407 628 2467 utar
685 2403 1029 2468 luculento,
1117 2403 1286 2467 Nam
1354 2402 1432 2467 de
1498 2407 1761 2486 parente
1827 2402 1974 2465 libri
2020 2401 2392 2486 ‚Ncyoirog‘
2450 2420 2567 2485 ego

484 2506 564 2571 ad
606 2504 873 2571 Lucian.
906 2508 1050 2572 Vol.
1098 2508 1164 2572 II
1209 2507 1280 2571 P.
1328 2507 1395 2571 11
1436 2529 1498 2592 p.
1531 2508 1620 2572 50
1664 2507 1821 2572 haec
1865 2507 2242 2591 scripseram
2286 2510 2569 2571 tantum-

483 2611 703 2677 modo:
776 2613 969 2697 ,hunc
1031 2613 1358 2697 dialogum
1416 2611 1494 2676 ab
1553 2613 1692 2695 ipso
1736 2611 2021 2677 Luciano
2081 2616 2144 2676 et
2200 2630 2274 2675 eo
2325 2612 2569 2694 ,iuvene

485 2718 792 2801 scriptum
850 2737 990 2783 esse
1048 2720 1216 2782 inter
1275 2723 1555 2782 caeteros
1608 2723 1777 2782 recte
1822 2718 2151 2782 convenit:
2222 2716 2336 2780 sed
2382 2714 2448 2780 C.
2495 2715 2564 2780 F.

483 2821 778 2890 Rankius
802 2823 858 2903 *)
925 2821 1188 2905 (Pollux
1255 2829 1317 2888 et
1369 2821 1524 2887 Luc.
1584 2843 1645 2907 p.
1695 2823 1802 2904 23)
1868 2824 2155 2905 itemque
2208 2820 2269 2883 J.
2320 2819 2571 2886 Bekker

483 2926 830 3011 Nigrinum
908 2928 1074 2992 alius
1153 2946 1293 2992 esse
1359 2928 1685 3010 scriptoris
1752 2946 1915 3010 opus
1980 2926 2195 3009 inepte
2261 2921 2570 3009 suspicati

485 3033 678 3098 sunt‘.
766 3030 1097 3113 Dolebam,
1159 3031 1331 3115 quod
1373 3031 1667 3095 Rankius
1724 3031 1793 3094 in
1855 3036 2109 3094 tantum
2153 3048 2426 3093 errorem
2468 3030 2570 3093 in·-

485 3136 764 3200 cidisset.
880 3133 1267 3220 Quanquam
1332 3136 1403 3198 in
1469 3135 1580 3199 illa
1645 3136 1785 3219 ipsa
1852 3135 2385 3198 commentatione
2450 3134 2569 3224 hoc

482 3242 717 3304 vitium
761 3242 1012 3324 magnis
1058 3241 1494 3326 compensavit
1522 3239 1893 3303 virtutibus.
1983 3235 2176 3302 Nunc
2208 3239 2328 3302 etsi
2357 3238 2569 3302 taedet

483 3345 779 3429 pluribus
825 3346 1033 3410 dicere
1080 3345 1157 3410 de
1200 3365 1271 3409 re
1316 3350 1552 3429 aperta,
1596 3351 1809 3409 tamen
1859 3345 2162 3427 quoniam
2209 3343 2368 3406 mihi
2415 3362 2566 3408 cum

483 3449 771 3515 Bekkero
814 3470 917 3515 res
961 3456 1077 3534 est,
1134 3451 1394 3516 vincam
1438 3450 1728 3514 animum
1771 3448 2220 3533 proferamque
2264 3448 2564 3512 rationes.
2644 3451 2656 3465 ⁶

483 3554 782 3640 Namque
843 3555 1222 3639 ,Nigrinum‘
1282 3561 1345 3620 et
1401 3554 1641 3618 librum
1701 3558 1869 3617 certo
1925 3551 2323 3617 Lucianeum
2374 3601 2389 3622 ,
2408 3551 2571 3633 Περὶ

483 3666 615 3723 τῶν
671 3663 776 3723 ἐπὶ
832 3665 1057 3742 μισθῷ
1101 3655 1455 3723 συνόντων*
1505 3658 1585 3722 ab
1633 3658 1855 3723 eodem
1901 3658 2204 3741 scriptore
2249 3657 2570 3720 confectos

486 3783 625 3831 esse
707 3765 805 3829 vel
882 3766 1247 3849 argumenti
1325 3765 1506 3829 docet
1588 3768 1650 3828 et
1724 3762 2116 3827 tractationis
2195 3760 2570 3825 similitudo,

484 3868 663 3938 Idem
732 3869 1076 3955 utrobique
1144 3875 1241 3935 est
1294 3870 1514 3935 odium
1572 3866 1750 3932 urbis
1802 3866 2064 3947 Romae,
2133 3885 2326 3949 quam
2383 3864 2571 3929 valde

485 3974 722 4040 inridet
780 3980 844 4039 et
897 3980 1281 4057 exsecratur,
1345 3994 1460 4058 par
1507 3972 1964 4038 Graeculorum
2027 3971 2386 4052 contemtiO,
2455 3969 2570 4053 qui

627 4235 680 4306 *)
717 4235 892 4290 Verba
924 4233 1122 4289 Rankii
1170 4233 1300 4287 hacc
1348 4235 1504 4290 sunt:
1556 4233 1701 4300 ,adeo
1738 4229 2031 4299 Nigrinum
2073 4228 2191 4284 sive
2227 4230 2292 4283 de
2327 4227 2569 4284 moribus

485 4321 793 4391 philosophi
828 4320 967 4378 alius
1003 4337 1123 4376 esse
1159 4320 1436 4389 scriptoris
1472 4336 1608 4389 opus
1645 4317 1926 4387 suspicor.‘
1998 4315 2253 4372 Rationes
2275 4316 2368 4371 ille
2392 4314 2570 4372 nullas

485 4410 697 4464 adtulit.
