3099 5241
1234 387 1332 443 AD
1378 386 1778 443 melmun.
2439 388 2542 443 xv
2637 352 2646 361 ’

458 556 871 645 διδάσκαλος,
941 559 1012 645 8)
1065 554 1458 645 Φιλόπατρις
1517 565 1584 627 et
1642 559 1711 645 9)
1771 557 2191 645 Χαρίδημος.
2299 562 2543 629 scholia

455 663 651 731 habet
693 664 994 747 plurima,
1040 664 1168 730 alia
1211 664 1512 745 recentia,
1566 665 1829 749 antiqua
1869 665 2021 745 alia,
2080 666 2289 733 multa
2344 666 2542 733 etiam

455 768 922 852 antiquissima.
1036 771 1101 835 et
1164 769 1323 835 haec
1387 769 1646 852 quidem
1728 788 1877 837 cum
1958 770 2217 837 scholiis
2285 762 2574 851 ,codicis'

456 872 775 941 Vossiani‘
821 871 936 957 (V)
982 890 1082 955 ap.
1106 873 1667 940 Hemsterhusium
1709 875 1906 941 toties
1950 875 2034 940 ad
2054 874 2320 942 verbum
2341 894 2542 958 paene

455 978 862 1062 conveniunt,
905 981 982 1042 ut
1026 977 1339 1062 conjicere
1385 978 1658 1045 audeam
1701 979 2089 1047 Vossianum
2130 979 2320 1045 illum
2364 980 2541 1047 codi-

454 1100 598 1147 cem
640 1081 812 1149 hunc
855 1082 1068 1164 ipsum
1112 1083 1309 1147 fuisse
1334 1082 1739 1149 Vaticanum.
1827 1083 2035 1150 multo
2078 1083 2296 1167 plures
2342 1084 2541 1168 scrip-

452 1189 633 1251 turas
678 1204 873 1269 quam
917 1206 952 1250 e
997 1187 1135 1252 cod.
1181 1187 1265 1252 87
1312 1187 1575 1254 Bastius
1636 1205 1710 1253 ex
1762 1188 1884 1254 hoc
1944 1174 2160 1254 codice
2206 1188 2295 1255 90
2348 1188 2560 1255 variis·
2623 1218 2628 1225 ·

449 1290 617 1355 locis
663 1291 920 1356 adtulit.
1009 1308 1159 1357 nam
1201 1290 1371 1357 hunc
1427 1310 1678 1374 quoque
1737 1291 2060 1376 integrum
2118 1291 2232 1357 ille
2277 1292 2543 1359 Parisiis

451 1393 653 1477 probe
697 1397 1092 1461 excusserat:
1157 1413 1321 1479 quae
1380 1395 1662 1461 conlatio
1719 1398 1831 1461 aut
1888 1396 2080 1478 periit
2134 1399 2248 1462 aut
2306 1395 2544 1462 alicubi

455 1498 554 1582 (in
573 1498 821 1583 Anglia
844 1498 1142 1583 fortasse)
1164 1499 1329 1565 latet
1366 1498 1760 1566 abscondita.
1847 1502 1995 1582 post
2016 1499 2310 1565 Bastium
2354 1500 2543 1568 unius

455 1601 701 1686 dialogi
760 1602 1187 1669 conlationem
1247 1603 1825 1671 Sommerbrodtius
1894 1607 1959 1669 et
2015 1604 2212 1670 trium
2271 1605 2543 1671 aliorum

454 1706 829 1773 Dindorfius
871 1708 940 1772 in
986 1708 1455 1773 Tauchnitiana
1501 1708 1852 1774 ediderunt.
1942 1708 2111 1791 quod
2155 1709 2236 1774 ad
2281 1727 2383 1774 me
2428 1710 2541 1775 ad·

454 1811 645 1889 tinet,
688 1811 966 1893 primum
1026 1811 1183 1877 olim
1228 1811 1309 1878 ab
1354 1812 1427 1877 F.
1477 1812 1734 1879 Osanno
1781 1812 2142 1878 conlatione
2197 1813 2279 1878 ad
2323 1812 2543 1892 ‚Veras

454 1913 799 1980 Historias‘
861 1913 1034 1980 facta
1091 1916 1365 1980 donatus
1421 1934 1566 1981 sum
1623 1934 1752 1981 non
1821 1916 1940 1981 illa
1994 1918 2215 1981 tamen
2270 1916 2543 2000 integra.

454 2019 660 2084 totius
704 2022 921 2084 autem
968 2019 1205 2084 codicis
1228 2019 1613 2085 lectionibus
1637 2020 1832 2103 potiri
1855 2019 2308 2102 discupiebam.
2395 2023 2542 2087 tan·

460 2122 609 2188 dem
650 2124 858 2189 virum
926 2125 1187 2189 doctum
1253 2127 1318 2189 et
1377 2125 1755 2190 adcuratum
1812 2124 2045 2202 inveni,
2113 2125 2222 2207 qui
2264 2123 2543 2208 primum

457 2226 890 2292 conlationem
934 2227 1014 2292 ad
1060 2229 1332 2310 quatuor
1386 2228 1615 2311 longos
1663 2227 1953 2312 dialogos
1999 2229 2237 2312 optime
2281 2228 2543 2295 institu-

451 2332 594 2396 tam
637 2350 766 2420 non
811 2331 947 2401 sine
994 2329 1253 2397 scholiis
1293 2331 1576 2416 antiquis
1619 2333 1703 2397 ad
1747 2351 1849 2398 me
1871 2334 2338 2401 transmitteret
2356 2334 2544 2417 plura

460 2453 532 2500 se
586 2454 730 2501 mox
783 2436 1133 2502 missurum
1189 2437 1536 2520 pollicitus.
1629 2438 1742 2503 sed
1800 2454 2163 2521 quanquam
2219 2439 2297 2503 de
2350 2437 2543 2521 hujus

459 2540 697 2605 codicis
741 2540 958 2605 indole
1004 2542 1106 2606 sat
1125 2541 1335 2607 multa
1378 2541 1460 2606 ad
1503 2560 1610 2607 me
1630 2542 1983 2626 perscripta
2028 2544 2196 2620 sunt,
2240 2541 2543 2625 pleraque

456 2648 680 2710 tamen
725 2646 931 2710 adhuc
991 2646 1246 2711 silentio
1303 2647 1528 2712 malim
1573 2647 1865 2713 transire.
1952 2647 2161 2712 multa
2205 2646 2375 2712 enim
2417 2646 2544 2712 nisi

456 2768 532 2815 ex
556 2750 810 2834 integra
833 2750 1070 2816 codicis
1093 2750 1293 2816 totius
1319 2751 1681 2818 conlatione
1705 2754 1877 2817 certo
1905 2750 2183 2834 perspici
2203 2753 2541 2834 nequeunt.

455 2857 533 2919 ut
578 2855 866 2937 exemplo
912 2856 1076 2934 utar,
1122 2855 1321 2937 ipsius
1352 2855 1621 2922 Luciani
1665 2873 1873 2921 sermo
1917 2854 2076 2921 duas
2120 2856 2543 2922 correctorum

454 2976 688 3023 manus
747 2976 876 3023 non
940 2959 1130 3024 unius
1186 2959 1418 3025 aetatis
1479 2939 1776 3043 expertus
1836 2962 1953 3025 est.
2045 2961 2113 3024 at
2173 2959 2336 3024 scire
2377 2957 2542 3022 illud

455 3062 703 3142 laboro,
758 3065 980 3128 utrum
1025 3063 1466 3145 antiquissima
1524 3082 1753 3129 manus
1811 3063 2095 3128 codicem
2141 3064 2353 3127 totum
2396 3080 2540 3144 per-

462 3166 791 3249 scripserit
834 3169 898 3231 et
918 3168 1058 3250 pari
1098 3167 1425 3249 scripserit
1450 3167 1805 3252 diligentia,
1852 3185 1935 3232 an
1971 3166 2159 3252 (utin
2182 3168 2316 3230 tam
2339 3166 2540 3249 spisso

460 3269 814 3355 volumine)
858 3271 982 3336 duo
1027 3270 1390 3336 minimum
1418 3271 1669 3337 librarii
1720 3274 2005 3354 tempore
2052 3270 2247 3335 etiam
2294 3270 2540 3336 diverso

460 3392 581 3440 nec
624 3373 749 3439 fide
805 3373 1004 3440 simili
1058 3376 1344 3441 codicem
1400 3376 1605 3458 primo
1658 3374 1994 3441 exararint.
2083 3378 2224 3442 tum
2267 3391 2415 3439 vero
2462 3374 2539 3439 de

462 3478 643 3545 codd.
691 3478 772 3543 87
821 3483 887 3544 et
930 3479 1018 3544 90
1062 3478 1397 3545 disserenti
1440 3479 1561 3546 hoc
1586 3479 2017 3562 quaerendum
2062 3480 2180 3556 est,
2226 3481 2369 3543 uter
2412 3478 2541 3543 utri

350 3601 357 3605 ·
458 3582 757 3648 videatur
783 3585 1127 3667 praestare.
1214 3584 1495 3650 incertus
1519 3584 1790 3667 scriptor
1812 3582 2214 3661 Timarionis‚
2259 3582 2369 3664 qui
2401 3581 2541 3647 dia-

460 3688 651 3772 logus
694 3688 761 3752 in
805 3689 943 3753 cod.
992 3688 1073 3753 87
1120 3688 1308 3768 inest,
1354 3689 1608 3755 saeculo
1652 3688 1812 3753 vixit
1856 3687 2045 3766 XIIO‚
2095 3688 2170 3751 ut
2214 3685 2293 3751 ab
2338 3684 2539 3751 Hasio

461 3791 735 3876 aliisque
795 3792 954 3858 satis
1013 3792 1517 3858 demonstratum
1578 3795 1695 3859 est.
1786 3792 2167 3873 omninoque
2223 3789 2363 3856 fieri
2413 3808 2542 3855 non

461 3898 692 3977 potest,
736 3900 810 3961 ut
853 3897 1048 3962 codex
1069 3896 1152 3962 87
1199 3900 1346 3962 ante
1389 3897 1719 3964 saeculum
1740 3897 1869 3962 XII
1911 3896 2017 3962 vel
2057 3894 2269 3978 potius
2292 3894 2542 3959 XIIIum

464 4000 738 4084 scriptus
781 3999 994 4066 fuerit.
1084 4018 1281 4083 quum
1337 4001 1534 4085 igitur
1590 4000 1756 4066 liber
1798 4001 1885 4065 90
1938 3999 2191 4065 saeculo
2231 3998 2370 4082 jam
2414 3997 2539 4062 XIo

464 4108 758 4170 exaratus
805 4123 945 4171 esse
990 4104 1302 4185 videatur,
1345 4104 1452 4170 hic
1496 4105 1633 4188 ipse
1678 4106 1874 4170 codex
1918 4103 2107 4170 alteri
2150 4106 2541 4188 anteponen-

463 4208 580 4274 dus
626 4213 744 4289 est,
816 4210 872 4274 si
914 4212 1134 4275 tamen
1191 4208 1595 4293 antiquitatis
1640 4209 1836 4293 sequi,
1861 4207 2324 4292 praejudicium
2366 4206 2539 4271 licet.

460 4312 578 4378 illa
620 4313 883 4397 quidem
923 4332 1053 4382 una
1096 4316 1162 4382 et
1192 4313 1597 4383 consentiens
1640 4332 1764 4380 vox
1800 4312 2086 4380 omnium
2130 4314 2249 4391 est,
2290 4312 2540 4376 utrum-
