3099 5241
527 424 706 480 CXVI
1330 425 1428 478 DE
1478 424 1806 481 NUMERIS

528 622 611 668 ne
664 621 963 687 graecum
1024 601 1285 685 quidem
1345 605 1443 666 est
1499 601 1612 665 sed
1677 622 1939 686 prorsus
1998 605 2359 670 barbarum.
2471 605 2615 669 Hoc

528 712 743 771 tamon
790 705 1108 791 Bergkius
1153 725 1256 771 me
1301 706 1465 771 duce
1506 711 1678 771 recte
1723 708 2085 773 observavit
2116 709 2613 774 Calchedonium

532 811 882 894 sophistam
928 811 1010 874 ad
1053 811 1500 894 Aristophanis
1546 830 1774 876 versus
1818 814 1998 877 nullo
2044 815 2232 879 modo
2277 814 2607 898 pertinere.

532 915 856 979 Nimirum
898 913 1355 996 Thrasymachi
1398 916 1683 999 nomine,
1731 917 1905 1000 qnod
1950 938 2081 982 non
2129 922 2224 983 est
2268 918 2618 982 admodum

531 1020 854 1103 frequenS,
914 1023 1131 1082 tamen
1173 1022 1422 1101 praeter
1467 1020 1822 1103 sophistam
1866 1027 2160 1087 nostrum
2206 1021 2313 1085 alii
2361 1041 2618 1106 quoque

535 1123 834 1207 adpellati
878 1127 1052 1204 sunt,
1108 1124 1390 1206 primum
1434 1123 1541 1186 hic
1584 1125 1723 1207 ipse
1766 1125 1836 1188 in
1881 1125 2373 1191 Daetalensibus
2426 1127 2619 1190 inter-

533 1227 799 1309 locutor,
847 1228 964 1310 qui
1007 1226 1374 1291 adolescens
1420 1233 1553 1292 erat
1595 1229 1930 1313 improbus
1991 1250 2065 1293 ac
2122 1231 2313 1314 plane
2359 1226 2621 1311 θρασύ-

533 1355 768 1416 ,ιιαχος,
821 1331 1052 1396 deinde
1096 1330 1299 1395 multo
1342 1337 1488 1416 post
1541 1333 1964 1417 philosophus
2013 1336 2278 1418 quidam
2323 1333 2620 1399 Corintho

537 1436 851 1500 oriundus
911 1456 1008 1520 ap.
1064 1434 1421 1520 Diogenem
1476 1435 1680 1502 Laert.
1728 1438 1818 1520 ΙΙ,
1884 1439 2008 1503 113
2070 1444 2132 1503 et
2191 1439 2366 1503 haud.
2425 1438 2622 1502 dubie

536 1541 771 1625 plures.
863 1539 989 1605 Sed
1048 1541 1213 1605 alius
1258 1560 1483 1606 versus
1540 1543 1613 1605 in
1675 1563 1805 1626 quo
1863 1544 2038 1607 idem
2098 1562 2331 1607 nomen
2390 1543 2625 1627 legitur

537 1650 635 1712 ost
711 1646 1103 1730 Theopompi
1180 1647 1412 1709 comici
1491 1647 1564 1710 in
1640 1646 1856 1712 fabula
1932 1643 2451 1730 ,Ezpcnuhmleg‘
2521 1667 2619 1730 ap.

538 1750 945 1815 Priscianum
989 1749 1148 1813 Inst.
1186 1749 1289 1814 Gr.
1322 1749 1552 1814 XVIII
1597 1771 1659 1836 p.
1693 1753 1823 1819 206
1869 1753 1965 1816 ed.
1999 1751 2150 1816 Kr.:
2206 1746 2625 1833 Θεόπομπος

538 1850 912 1940 Στρατιώτῃ
954 1850 1121 1939 γυνή
1177 1850 1626 1940 Θρασυμάχου
1668 1842 1862 1938 ὑμῶν’
1899 1852 2062 1942 γυνὴ
2109 1859 2312 1927 καλῶς
2357 1857 2625 1918 ἐπιστα-

539 1955 745 2039 τήσει.
854 1958 955 2022 Ita
1011 1958 1236 2042 vulgO,
1305 1963 1589 2024 ceterum
1648 1961 1856 2024 codex
1911 1960 2162 2025 Monac.
2221 1961 2411 2044 plane
2474 1978 2625 2022 con-

540 2063 750 2127 firmat
816 2064 1119 2147 optimam
1189 2064 1699 2129 emendationem
1754 2065 2026 2129 Porsoni
2081 2064 2310 2148 (Praef.
2371 2062 2621 2126 Hecub.
2659 2099 2667 2107 ·

541 2189 603 2252 p.
651 2166 892 2252 XLW:
969 2161 1385 2249 Θεόπομπος
1442 2164 1943 2251 Στρατιώτισιν·
2003 2166 2113 2245 ,‘H
2179 2163 2628 2253 Θρασυ,ιιάχου

545 2268 602 2335 δ’
654 2268 841 2354 ὑμῶν
899 2266 1064 2357 γυνή
1137 2270 1340 2343 καλῶς
1409 2269 1878 2356 ἑπιστατὴσειῆ
1994 2272 2174 2337 Haec
2240 2292 2394 2337 vero
2461 2271 2625 2335 Her-

544 2395 824 2440 mannus
876 2397 939 2460 p.
986 2376 1029 2439 5
1075 2376 1157 2440 ad
1202 2375 1702 2441 Calchedonium
1758 2382 2051 2441 nostrum
2103 2376 2431 2442 referenda
2489 2395 2628 2440 esse

544 2485 766 2564 negat,
836 2480 1010 2564 quod
1069 2478 1530 2545 Calchedonem
1592 2482 1787 2564 hujus
1845 2482 2208 2547 comoediae
2267 2499 2458 2545 scena
2514 2480 2630 2542 vix

544 2587 745 2671 possit
799 2585 1142 2650 transferri.
1245 2585 1499 2651 Sciebat
1555 2591 1770 2652 tamen
1827 2587 2177 2672 sophistam
2232 2589 2523 2651 nostrum
2567 2588 2631 2648 et

544 2690 934 2774 Theopompi
1015 2691 1350 2775 aequalem
1424 2691 1626 2755 fuisse
1704 2695 1767 2755 et
1847 2693 1959 2757 diu
2027 2692 2270 2755 vixisse
2338 2689 2626 2753 Athenis.

548 2794 779 2879 Neque
825 2796 945 2859 hoc
987 2796 1333 2879 nesciebat,
1379 2797 1608 2883 comici
1637 2815 1917 2879 versum,
1961 2797 2031 2859 in
2071 2815 2199 2880 quo
2244 2796 2324 2859 de
2366 2794 2632 2858 muliere

550 2920 755 2965 sermo
816 2905 930 2982 est,
991 2919 1026 2965 e
1071 2900 1513 2983 ,militantibus
1569 2901 1966 2965 mulieribus‘
2017 2901 2419 2985 depromtum
2474 2918 2632 2982 esse,

546 3025 617 3070 re
660 3004 764 3069 vel
805 3023 922 3087 per
965 3024 1034 3069 se
1073 3004 1368 3088 ridicula,
1430 3024 1595 3090 quae
1652 3007 1840 3070 nobis
1885 3006 2387 3089 haudquaquam
2431 3003 2635 3087 negli-

550 3110 759 3194 genda
818 3114 931 3173 est.
1025 3108 1256 3173 Contra
1316 3115 1378 3175 et
1435 3110 1755 3195 Bergkius
1811 3110 1931 3191 (De
1983 3111 2164 3194 reliq.
2223 3128 2384 3173 com.
2434 3110 2629 3191 antiq.

550 3236 611 3299 p.
661 3216 767 3296 82)
816 3218 877 3278 et
920 3212 1281 3280 Meinekius
1336 3216 1605 3300 (Fragm.
1654 3236 1812 3280 com.
1862 3215 1941 3278 V.
1988 3215 2071 3278 II.
2121 3214 2192 3278 P.
2240 3214 2326 3277 II.
2373 3235 2436 3297 p.
2484 3215 2633 3304 813)

551 3319 656 3383 vel
722 3323 891 3383 nutu
958 3319 1061 3382 vel
1129 3320 1319 3384 verbo
1397 3322 1688 3385 indicant
1762 3320 2018 3384 nullum
2099 3320 2298 3382 alium
2364 3318 2635 3400 Thrasy-

553 3423 853 3487 machum
899 3423 1003 3486 hic
1049 3422 1171 3487 sibi
1219 3425 1463 3490 dictum
1507 3445 1647 3490 esse
1691 3426 1895 3489 videri
1937 3426 2065 3488 nisi
2106 3423 2632 3488 Calchedonium:

557 3527 824 3612 quibus
885 3546 1002 3610 ego
1092 3529 1453 3594 duumviris
1540 3531 1733 3614 plane
1821 3529 2160 3592 adsentior.
2295 3527 2464 3591 Nam
2537 3528 2636 3590 vis

554 3634 824 3716 hujusce
885 3651 1110 3697 versus
1171 3635 1413 3699 comica
1476 3636 1567 3698 ita
1634 3639 1886 3698 tantum
1954 3634 2286 3714 constabit,
2354 3631 2411 3694 si
2479 3631 2637 3714 quid

556 3738 705 3802 salis
785 3739 942 3801 insit
1020 3738 1122 3802 vel
1203 3740 1394 3804 etiam
1474 3740 1810 3803 acuminis.
1945 3738 2092 3801 Jam
2171 3736 2637 3801 Calchedonius

558 3844 839 3928 sophista
903 3864 1140 3910 nomen
1207 3851 1270 3910 et
1336 3865 1524 3911 omen
1586 3843 1878 3927 habebat,
1947 3844 2026 3907 de
2086 3862 2214 3927 quo
2273 3842 2639 3907 Herodicus

558 3971 658 4034 ap.
704 3950 1110 4016 Aristotelem
1166 3954 1236 4015 in
1292 3952 1546 4018 Rhetor.
1592 3951 1681 4035 II,
1727 3952 1841 4016 23:
1891 3944 2239 4031 ιΗρόδικος
2285 3941 2640 4031 (Πρόδικος

556 4057 629 4121 L.
678 4058 979 4144 Spengel)
1046 4053 1495 4143 Θρασύμαχον
1555 4052 1808 4140 (ἐκάλει)
1871 4051 1999 4131 ,ἀεὶ
2068 4047 2499 4137 θρασύμαχος
2558 4046 2640 4113 el‘

557 4166 931 4247 poteratque
995 4163 1167 4227 idem
1221 4163 1293 4226 in
1349 4161 1678 4226 comoedia
1735 4164 1905 4225 certe
1965 4157 2046 4222 ob
2106 4157 2314 4221 solum
2359 4156 2642 4220 nominis

557 4267 777 4330 lusum
819 4266 925 4331 vel
966 4264 1223 4349 θρασύς
1270 4260 1714 4349 στρατηλάτης
1760 4264 2002 4348 (Eurip.
2036 4262 2365 4327 Phoeniss.
2401 4281 2458 4323 v,
2491 4262 2640 4340 600)

560 4370 880 4454 adpellari.
981 4371 1161 4436 Haec
1214 4373 1421 4435 virtus
1482 4370 1723 4434 comice
1796 4369 1878 4433 ad
1943 4386 2211 4432 uxorem
2268 4364 2643 4430 transfertur
