3099 5241
1289 1431 1554 1517 Caput
1605 1431 1724 1496 ΠΙ.

874 1597 995 1681 De
1058 1595 1384 1680 Luciani
1445 1595 2030 1705 Necyomantia.
2068 1589 2143 1705 ²¹⁶)

637 1777 766 1855 Qui
808 1780 999 1844 multi
1040 1799 1250 1865 nuper
1278 1780 1458 1843 varia
1488 1778 1813 1862 Odysseae
1845 1781 2127 1845 carmina
2158 1781 2551 1866 distinguere

462 1890 826 1969 coeperunt,
882 1904 1105 1950 eorum
1161 1885 1387 1949 nullus
1444 1886 1535 1950 ita
1578 1892 1653 1950 ut
1693 1887 1787 1950 rei
1832 1886 2208 1970 magnitudo
2254 1886 2553 1969 exigebat

460 1988 753 2070 Necyian
810 1990 1232 2074 pertractavit.
1325 1989 1614 2055 Fuerunt
1667 1995 1901 2073 tamen,
1959 1992 2071 2074 qui
2129 1992 2322 2056 etiam
2380 1991 2548 2055 hanc

460 2100 705 2176 partem
770 2095 1165 2176 inchoarent,
1235 2093 1306 2158 G.
1366 2094 1441 2158 G.
1500 2094 1894 2177 Nitzschius,
1958 2097 2040 2161 A.
2086 2094 2551 2178 HerrmannuS,

461 2196 530 2260 F.
562 2196 792 2280 Lauer,
834 2197 921 2262 Η.
954 2197 1441 2281 Brausewetter,
1484 2201 1837 2265 novissime
1871 2208 2087 2265 autem
2107 2201 2187 2265 A.
2216 2199 2551 2282 Kochlyus

461 2300 583 2384 (De
630 2300 954 2384 Odysseae
1001 2303 1273 2367 Carmin.
1324 2304 1417 2367 111
1462 2325 1524 2388 p.
1576 2305 1657 2369 19
1704 2306 1869 2388 sqq.)
1916 2312 1980 2369 et
2022 2305 2111 2368 ita
2154 2305 2550 2387 inchoarent,

464 2412 540 2471 ut
595 2409 689 2472 sic
749 2426 1010 2492 quoque
1066 2427 1292 2492 operae
1340 2410 1617 2493 pretium
1664 2409 1893 2474 fecisse
1936 2410 2296 2474 videantur.
2383 2408 2551 2473 Nam

461 2509 753 2595 plerique
798 2530 1022 2576 eorum
1051 2513 1119 2575 id
1150 2513 1562 2595 studuerunt,
1607 2515 1890 2598 primum
1921 2519 1995 2577 ut
2023 2512 2336 2598 Necyian,
2384 2530 2551 2598 quae

461 2617 726 2698 gravius
785 2638 980 2701 quam
1034 2617 1223 2683 multi
1279 2618 1386 2682 alii
1433 2617 1759 2701 Odysseae
1815 2618 1940 2682 loci
1995 2619 2376 2703 interpolata
2431 2624 2551 2701 est,

461 2722 636 2786 hisce
701 2721 1302 2807 interpolationibus
1369 2722 1712 2788 liberarent
1770 2723 2199 2807 vulgataeque
2257 2723 2550 2804 Necyian

460 2827 812 2909 genuinam
843 2834 1255 2911 opponerent,
1297 2848 1462 2912 quae
1493 2827 1740 2892 ambitu
1770 2829 1974 2892 multo
2004 2828 2294 2892 breviore
2322 2829 2552 2911 fuerat,

461 2936 600 2995 tum
647 2937 721 2995 ut
763 2951 1020 2996 omnem
1064 2933 1254 2997 istam
1284 2932 1575 3014 Necyian
1624 2951 1659 2997 e
1694 2932 1981 3016 reliquae
2013 2930 2338 3014 Odysseae
2379 2951 2553 2996 com—

460 3054 623 3117 page
676 3054 939 3118 prorsus
993 3036 1339 3101 tollendam
1395 3056 1535 3101 esse
1596 3037 1912 3120 docerent,
1984 3057 2259 3121 quorum
2319 3037 2441 3101 hoc
2487 3041 2552 3101 et

460 3139 674 3222 ipsum
722 3140 947 3204 multis
989 3140 1177 3206 facile
1218 3141 1612 3226 probabitur.
1702 3140 1870 3206 Nam
1917 3142 2002 3222 (id
2038 3142 2212 3226 quod
2241 3160 2277 3206 e
2308 3142 2550 3205 scholio

460 3242 762 3308 Plautino
831 3250 894 3309 et
960 3264 996 3310 e
1063 3248 1368 3331 scriptore
1433 3264 1659 3331 graeco
1720 3267 1819 3331 ap.
1884 3245 2257 3311 Cramerum
2301 3246 2549 3310 Anecd.

461 3346 660 3413 Paris.
707 3348 739 3413 I
796 3370 858 3435 p.
911 3352 993 3415 12
1041 3351 1410 3437 didicimus)
1457 3371 1746 3436 sparsam
1789 3352 1971 3435 prius
2014 3350 2282 3417 Homeri
2326 3353 2553 3437 poesin

459 3452 817 3538 Hipparchi
879 3457 1073 3539 jussu
1133 3462 1412 3542 quatuor
1476 3460 1700 3541 poetae
1760 3461 2310 3541 coagmentarunt,
2379 3476 2552 3521 unus

459 3561 725 3624 nomine
779 3561 1040 3645 incertO,
1096 3569 1415 3646 praeterea
1471 3562 1762 3646 Zopyrus
1805 3560 2200 3644 Heracleota,
2259 3560 2553 3646 Orpheus

463 3661 826 3730 Crotoniata
893 3673 956 3731 et
1015 3665 1469 3733 Onomacritus
1524 3668 1962 3732 Atheniensis.
2066 3664 2356 3742 Quorum
2425 3667 2552 3731 duo

392 3815 401 3822 -
459 3770 705 3853 priores
748 3771 875 3854 ipsi
922 3791 1181 3858 quoque
1225 3780 1447 3859 poetae
1480 3772 1740 3857 Orphici
1784 3772 2055 3854 fuerant,
2103 3759 2553 3836 Onomacritus

460 3893 632 3956 vem,
701 3875 779 3940 de
848 3896 977 3961 quo
1044 3879 1304 3945 homine
1372 3878 1560 3943 multi
1626 3876 1831 3941 multa
1894 3873 1995 3959 (ut
2053 3873 2415 3941 Lobeckius
2480 3877 2552 3939 in

459 3978 775 4064 Aglaoph.
836 4001 900 4065 p.
950 3984 1071 4048 331
1138 3983 1306 4070 sqq.)
1375 3983 1711 4065 dixerunt,
1799 4001 1931 4045 non
2001 3981 2210 4046 solum
2279 3980 2555 4065 Orphica

463 4085 799 4168 scripserat
855 4091 919 4150 et
974 4087 1356 4171 diffinxerat,
1418 4108 1645 4152 verum
1703 4087 1891 4151 etiam
1939 4085 2298 4150 Homerum
2355 4086 2555 4168 (velut

461 4189 532 4251 in
592 4188 711 4253 hac
763 4191 908 4274 ipsa
949 4190 1198 4273 Neeyia
1244 4191 1359 4257 Od.
1405 4189 1446 4255 λ’
1464 4242 1479 4276 ,
1525 4191 1874 4259 602—604
1918 4210 2144 4256 versus
2205 4195 2354 4273 treS,
2419 4210 2552 4254 non

601 4416 652 4487 ²⁸)
687 4416 934 4472 Primum
967 4416 1100 4471 haec
1135 4416 1283 4471 edita
1318 4417 1448 4472 sunt
1481 4416 1764 4473 Rostochii
1800 4433 1846 4471 a.
1886 4420 2037 4477 1864.

2131 4524 2197 4567 1v
