3099 5241
675 1216 682 1222 ’
776 1214 1506 1283 ΠΡΟΜΗΘΕΥΣ
1562 1216 1651 1282 Η
1712 1215 2357 1283 ΚΑΥΚΑΣΟΣ.

390 1391 535 1435 Reitz.
566 1392 587 1432 1

391 1464 437 1502 Ρ·
454 1451 532 1494 ¹⁸⁵
734 1474 1094 1578 ΕΡΜΗΣ,
1167 1474 1706 1554 ΗΦΑΙΣΤΟΣ,
1778 1475 2408 1543 ΠΡΟΜΗΘΕΥΣ.

709 1616 763 1681 1.
838 1615 1066 1681 ΕΡΜ.
1142 1612 1234 1681 ‘O
1277 1617 1402 1698 μὲν
1448 1612 1836 1693 Καύκασος,
1898 1610 1945 1680 ὦ
1977 1615 2322 1700 ’Ήφαιστε,
2389 1608 2601 1691 οὗτος,

529 1712 580 1806 ᾧ
643 1715 764 1785 τὸν
845 1716 1085 1784 ἄθλιον
1159 1717 1425 1785 τουτονὶ
1504 1720 1757 1784 Τιτᾶνα
1822 1703 2298 1803 προσηλῶσθαι
2366 1715 2603 1801 δεήσει·

529 1828 1035 1909 περισκοπῶμεν
1092 1820 1162 1888 δὲ
1203 1819 1335 1906 ἤδη
1383 1819 1681 1907 κρημνόν
1723 1846 1870 1888 τινα
1917 1820 2310 1906 ἐπιτήδειον,
2376 1824 2439 1888 εἴ
2475 1845 2611 1887 που

528 1933 646 2011 τῆς
703 1924 918 2014 χιόνος
982 1951 1045 1991 τι
1087 1923 1347 2015 γυμνόν
1393 1930 1592 2005 ἐστιν,
1661 1924 1745 2001 ὡς
1787 1923 2214 2012 βεβαιότερον
2257 1930 2606 2013 καταπαγῇ

529 2028 609 2097 τὰ
681 2023 892 2116 δεσμοὶ
947 2030 1054 2095 καὶ
1115 2022 1307 2105 οὗτος
1364 2030 1576 2095 ἅπασι
1629 2025 1993 2116 περιφανὴς
2058 2024 2102 2117 ᾖ
2169 2026 2602 2116 κρεμάμενος.

533 2135 696 2202 ΗΦ.
769 2140 1296 2220 περισκοπῶμεν,
1363 2129 1410 2200 ὦ
1455 2132 1697 2220 ςΕρμῆ·
1772 2133 1924 2200 οὔτε
1979 2132 2102 2221 γὰρ
2148 2129 2458 2199 ταπεινὸν
2504 2133 2608 2198 καὶ

530 2236 880 2326 πρόσγειον
929 2236 1474 2323 ἀνεσταυρώσθω
1516 2236 1658 2326 χρὴ,
1711 2236 1795 2312 ὡς
1838 2234 1936 2322 μὴ
1983 2233 2393 2323 ἐπαμύνοιεν
2437 2236 2608 2323 αὐτῷ

529 2341 611 2408 τὰ
669 2340 1031 2429 πλάσματα
1091 2341 1298 2408 αὐτοῦ
1356 2345 1419 2408 οἱ
1483 2341 1855 2427 ἄνθρωποι,
1931 2341 2083 2408 οὔτε
2139 2338 2283 2426 μὴν
2326 2339 2488 2407 κατὰ
2533 2337 2609 2405 τὸ

532 2446 733 2533 ἄκρον
792 2443 1090 2533 (ἀφανὴς
1145 2443 1269 2535 γὰρ
1332 2445 1413 2511 ἄν
1469 2448 1568 2531 εἴη
1630 2458 1767 2520 τοῖς
1824 2442 2049 2523 κάτω),
2118 2443 2241 2510 ἀλλ’
2308 2448 2369 2511 εἰ
2411 2443 2604 2523 δοκεῖ,

669 2641 816 2695 Fieri
858 2643 1051 2710 potest,
1098 2642 1161 2694 ut
1207 2641 1322 2710 ipse
1357 2640 1639 2709 Menippus
1688 2642 1925 2694 saturam
1972 2635 2364 2719 ,Προμηθεύς
2401 2638 2610 2690 nomine

532 2728 823 2796 scripserit,
874 2727 987 2781 sive
1033 2727 1181 2780 illam
1229 2727 1455 2781 similem
1499 2727 1726 2781 Luciani
1772 2727 2000 2795 ‚dialogo
2048 2727 2280 2780 Deorum
2325 2725 2510 2794 primo‘
2558 2727 2613 2777 et

532 2815 784 2869 Varronis
821 2817 1033 2868 saturae
1068 2814 1431 2879 ,Prometheus
1467 2814 1620 2868 liber‘
1659 2812 1745 2882 (de
1781 2831 1887 2884 qua
1922 2813 2117 2868 Oehler
2158 2814 2216 2866 in
2250 2814 2471 2867 Varron.
2509 2813 2609 2866 sat.

531 2901 682 2972 reliq.
727 2919 778 2971 p.
828 2903 928 2957 195
977 2903 1033 2955 et
1075 2901 1233 2955 Riese
1276 2901 1314 2954 1.
1363 2901 1402 2955 1.
1449 2918 1501 2971 p.
1551 2899 1696 2968 200),
1759 2902 1868 2955 sive
1915 2901 2122 2969 dialogo
2171 2901 2369 2953 nostro,
2440 2898 2611 2952 varios

532 2989 787 3057 Aeschyli
820 2989 877 3042 in
914 2989 1247 3056 ,Προμηθεῖ
1283 2982 1562 3061 ὃεσμώτῃ“
1600 2988 1743 3041 locos
1781 2988 1845 3040 ab
1880 2987 2036 3041 initio
2064 2986 2308 3055 inprimis
2337 2987 2391 3039 et
2417 2984 2611 3048 influe,

531 3079 648 3130 tum
680 3092 931 3146 personas
966 3075 1191 3139 fabulae,
1241 3074 1466 3144 denique
1512 3075 1689 3143 ipsum
1735 3073 1863 3128 adeo
1908 3072 2210 3142 tragoediae
2245 3072 2613 3139 argumentum

533 3164 799 3217 Lucianus
834 3163 1076 3216 imitatur
1109 3165 1162 3216 et
1198 3162 1341 3215 sicut
1372 3161 1672 3230 Aeschylus
1709 3160 1981 3214 saevitiam
2015 3160 2051 3215 J
2052 3160 2161 3213 ovis
2197 3157 2462 3228 puniendo
2479 3157 2613 3211 Pro-

532 3249 742 3303 metheo
761 3248 1017 3318 depingit,
1054 3246 1330 3302 contendit
1362 3263 1483 3300 vero
1523 3247 1684 3300 etiam
1718 3246 1853 3301 illud
1870 3247 1906 3302 J
1906 3263 2052 3301 ovem
2086 3246 2266 3315 inepte
2301 3261 2361 3298 ac
2394 3260 2611 3313 prorsus

534 3335 726 3389 stolide
762 3336 949 3403 egisse.
1088 3338 1152 3385 H
1197 3335 1614 3385 ΚΑΤΚΑΣΟΣ
1643 3351 1728 3388 om
1757 3331 1808 3391 21
1844 3335 1898 3387 et
1934 3333 2161 3387 Thomas
2196 3349 2248 3401 p.
2269 3333 2387 3395 406,
2423 3332 2473 3384 4.

533 3424 817 3483 ΕΡΜΗΣ,
857 3422 1269 3481 ΗΦΑΙΣΤΟΣ,
1312 3421 1793 3473 ΠΡΟΜΗΘΕῬΣ
1823 3437 1907 3474 om
1939 3417 2132 3476 BsstabJ
2166 3422 2222 3472 et
2257 3417 2371 3472 edd.
2411 3420 2539 3472 vett.

675 3510 722 3563 1.
794 3506 1000 3575 EPM]
1034 3524 1314 3577 personam
1347 3510 1547 3577 puncto
1585 3509 1739 3560 notat
1771 3507 1817 3562 B
1852 3507 1943 3560 hic
1978 3509 2034 3561 et
2066 3523 2186 3560 mox
2219 3522 2315 3575 pro
2338 3508 2470 3572 HQ.

523 3593 591 3646 Ὃ
626 3595 729 3663 μὲν
756 3624 826 3632 —-
858 3584 1040 3662 οὗτος]
1076 3594 1270 3649 Aesch.
1311 3595 1487 3649 Prom.
1526 3612 1573 3648 v.
1617 3596 1644 3649 1
1692 3596 1959 3663 comparat
1992 3593 2346 3647 Lehmaunus,
2484 3609 2611 3643 του-

534 3690 655 3736 τονὶ
695 3683 904 3736 Τιτᾶνα
937 3683 1000 3747 Β,
1053 3681 1262 3735 Τιτᾶνα
1297 3687 1518 3734 τουτονὶ
1555 3678 1710 3755 ἓῑΦΩ
1746 3683 1802 3734 et
1834 3699 1882 3734 v.
2032 3678 2130 3747 τῆς
2161 3676 2344 3746 χιόνος
2387 3696 2442 3729 τι
2479 3697 2611 3747 γυμ-

535 3767 635 3822 νόν
666 3769 729 3835 Β,
780 3767 878 3836 τῆς
922 3767 1105 3835 χιόνος
1145 3767 1346 3840 γυμνός
1379 3765 1537 3825 ἓῑΦΩ
1571 3752 1627 3822 et
1659 3786 1706 3822 v.
1780 3766 2135 3836 conjecturam
2177 3782 2370 3820 meam:
2422 3764 2480 3817 εἴ
2504 3760 2613 3816 πού

536 3874 641 3912 τις
673 3855 771 3922 τῆς
802 3853 985 3922 χιόνος
1019 3854 1220 3926 γυμνός
1251 3856 1447 3926 partim
1484 3854 1662 3909 firmat
1675 3854 1739 3908 Β.
1881 3851 2169 3925 καταπαγῇ
2190 3842 2314 3926 -ᾔ
2347 3852 2410 3917 Β,
2446 3870 2614 3903 κατα-

2412 3958 2480 4005 ης

536 4013 736 4082 παγείη
768 4041 838 4049 -
866 4010 949 4078 εἴη
989 4010 1146 4070 ἓΙΦΩ
1191 4015 1247 4066 et
1279 4031 1329 4067 v.
1492 3999 1671 4078 οὗτος]
1724 4006 1897 4066 οὕτως
1938 4011 2004 4061 Ω.
2164 4007 2491 4077 περιφανῶς
2541 4009 2609 4068 Φ,

536 4105 868 4169 περιφανεὶς
900 4099 951 4155 J.
1095 4096 1222 4152 οὔτε
1257 4098 1384 4169 γὰρ]
1421 4098 1528 4169 γὰρ
1567 4116 1653 4154 om
1686 4097 1732 4152 B
1768 4097 1928 4152 solus.
2072 4092 2536 4163 ἀνεσταυρῶσθαι
2552 4093 2614 4158 Β,

539 4184 933 4255 ἐσταυρῶσθαι
967 4183 1122 4242 ἓῖΦΩ
1158 4190 1214 4241 et
1228 4205 1276 4242 v.
1421 4181 1759 4254 ἐπαμύνοιεν
1774 4181 1947 4246 mm,
1989 4180 2320 4250 ἐπαμύνειεν
2347 4183 2443 4246 Ha,
2480 4178 2614 4233 ἐπα-

537 4270 729 4340 μὺνειν
774 4272 809 4326 b
858 4272 1093 4343 aliaeque
1130 4272 1246 4327 edd.
1283 4276 1406 4327 ante
1439 4272 1919 4336 Hemsterhusium‚
1975 4268 2276 4338 ἐπαμύνειν
2323 4266 2469 4334 αὐτῷ
2521 4263 2615 4318 323-

537 4379 742 4413 νωνται
776 4359 843 4413 cd
859 4360 1091 4430 itemque
1122 4360 1182 4414 in
1198 4360 1247 4415 Y
1265 4360 1360 4415 sed
1375 4362 1678 4417 transversa
1703 4359 1844 4412 linea
1859 4356 2151 4411 inductum.
2291 4350 2613 4422 πλάσματα]
