3099 5241
1229 388 1726 476 KArAnAom'.
1792 497 1803 503 ρ
2388 376 2523 489 ’147

443 596 646 680 ὅμοια
692 608 828 670 τοῖς
874 601 1000 660 ἐκεῖ
1040 593 1337 661 τάνθάδε
1385 621 1487 662 σοι
1545 595 1761 674 δοκεῖς
1853 596 2084 661 ΚΥΝ.
2171 591 2240 660 εἶ
2287 596 2521 685 λέγεις·

444 697 583 765 ἰδοῦ
642 707 802 788 γοῦν
860 701 1282 787 προσέρχεταί
1337 726 1433 774 τις
1480 696 1913 787 δᾳδουχοῦσά,
1982 698 2269 784 φοβερόν
2312 726 2374 766 τι
2419 699 2527 765 καὶ

441 802 854 887 ἀπειλητικὸν
912 805 1459 888 προσβλέπουσα·
1521 800 1567 888 ἦ
1626 802 1753 888 ἄρα
1813 828 1950 869 που
1998 803 2252 889 Ἐρινύς
2313 810 2524 883 gorm,-

444 910 660 973 MJK.
776 908 985 974 ἔοικεν
1067 905 1202 973 ἀπὸ
1269 935 1342 996 γε
1406 915 1523 974 τοῦ
1597 907 1951 997 σχήματος.
2078 911 2184 977 23.
2289 910 2518 978 EPM.

440 1011 782 1098 παράλαβε
861 1012 1168 1091 τούτους,
1256 1010 1302 1077 ὦ
1385 1011 1742 1096 Τισιφόνη,
1827 1014 2137 1097 τέτταρας
2215 1014 2321 1078 ἐπὶ
2387 1027 2525 1088 τοῖς

438 1118 674 1205 χιλίοις.
782 1118 960 1183 TIS.
1034 1118 1140 1181 καὶ
1184 1115 1327 1201 μήν
1372 1117 1575 1181 πάλαι
1618 1143 1691 1204 γε
1737 1116 1771 1182 ὃ
1807 1114 2287 1203 Ῥαδάμανθυς
2332 1110 2525 1192 οὗτος

438 1310 702 1365 habebant
758 1310 1142 1379 mysteriorum
1194 1325 1417 1379 genera,
1473 1326 1609 1378 quae
1661 1309 1963 1365 Lobeckius
2016 1310 2076 1363 in
2124 1308 2519 1378 ‚Aglaophamo‘

441 1396 653 1466 singula
686 1398 1046 1465 pertractavit.
1118 1413 1242 1465 ergo
1279 1395 1458 1450 locum
1491 1395 1624 1449 Luc.
1663 1396 1857 1465 Navig.
1888 1400 1979 1453 11:
2018 1394 2407 1464 ἐτελέσθημεν,
2449 1395 2523 1453 ὡς

441 1482 631 1546 οἶσθα,
672 1492 764 1536 καὶ
804 1485 960 1554 σιγᾶν
995 1482 1410 1552 μεμαθήκαμεν
1434 1483 1779 1536 Lehmannus
1814 1483 2010 1536 frustra
2040 1482 2283 1551 contulit,
2321 1498 2426 1551 quo
2460 1482 2520 1536 in

436 1569 470 1623 l.
496 1586 668 1639 neque
696 1568 867 1639 ὅμοια
892 1575 1008 1628 τοῖς
1034 1570 1150 1624 ἐκεῖ
1170 1570 1385 1624 additur
1409 1587 1506 1624 1160
1533 1569 1712 1624 simile
1738 1570 2046 1638 quidquam.
2101 1570 2284 1638 itaque
2308 1569 2520 1625 tantum

436 1657 602 1726 abest,
650 1659 714 1711 ut
758 1658 919 1712 verba
964 1659 1033 1711 τὰ
1077 1655 1377 1711 Ἐλευσίνια
1433 1657 1497 1710 ab
1554 1656 1947 1726 conjectoribus
2004 1659 2203 1710 temere
2256 1654 2520 1724 ejicienda

435 1744 651 1813 fuerint,
687 1745 752 1798 ut
776 1745 1033 1799 servanda
1057 1745 1169 1798 sint
1202 1745 1520 1812 necessario,
1559 1744 2008 1812 quemadmodum
2031 1760 2128 1813 ego
2153 1743 2219 1798 ad
2243 1742 2518 1810 Aristoph.

432 1830 608 1885 Ranas
643 1849 694 1901 p.
734 1837 836 1890 165
872 1832 1169 1886 obscuravi.
1241 1831 1407 1886 immo
1455 1848 1626 1885 unum
1671 1830 1810 1885 illud
1858 1832 2043 1901 quaeri
2092 1831 2285 1900 potest,
2336 1830 2520 1883 utrum

436 1916 699 1984 δηλονότι
733 1919 787 1972 11.
824 1919 859 1972 1.
896 1919 1267 1987 recipiendum
1302 1919 1378 1972 sit
1411 1935 1597 1972 necne.
1670 1919 1724 1972 et
1759 1918 1888 1973 olim
1925 1919 2145 1988 quidem
2179 1917 2214 1971 l.
2251 1916 2286 1970 l.
2325 1935 2374 1986 p.
2418 1921 2516 1975 165

435 2021 551 2058 eam
596 2006 916 2074 scripturam
964 2006 1179 2060 defendi
1225 2022 1358 2074 quae
1407 2006 1636 2060 caeteris
1682 2006 1955 2075 antiquior
2001 2008 2114 2061 est:
2167 1998 2212 2058 ὦ
2260 2010 2512 2069 Κυνίσκε,

437 2089 696 2160 δηλονότι
733 2094 801 2144 τὰ
833 2092 1152 2154 Ἐλευσίνια,
1192 2092 1312 2146 ideo
1351 2093 1492 2161 quod
1532 2091 1793 2160 δηλονότι
1827 2092 1988 2147 etiam
2014 2092 2238 2147 atticum
2264 2092 2353 2161 sit,
2389 2092 2443 2145 11.
2469 2109 2514 2146 6.

434 2177 787 2246 nimirum,
840 2181 1017 2234 haud
1071 2179 1294 2232 dubie.
1381 2180 1446 2233 de
1485 2197 1591 2247 qua.
1637 2196 1694 2232 rc
1743 2179 1900 2233 aliter
1947 2180 2108 2233 hodie
2158 2180 2331 2233 sentio
2366 2181 2516 2232 ratus

432 2264 703 2333 vulgatam
738 2283 864 2320 cum
900 2269 1014 2322 cod.
1051 2267 1385 2322 Florentino:
1438 2260 1482 2318 ὦ
1518 2270 1772 2327 Κυνίσκε,
1825 2267 1892 2318 τὰ
1939 2265 2241 2320 Ἐλευσίνια
2277 2266 2517 2320 revocari

435 2351 624 2405 debere
679 2370 741 2407 eo
796 2356 938 2423 quod
991 2357 1076 2408 est
1131 2354 1392 2418 δηλονότι
1445 2369 1635 2407 rursus
1690 2354 1976 2422 expuncto.
2067 2353 2302 2421 primum
2369 2353 2516 2406 enim

434 2434 699 2504 δηλονότι
747 2441 799 2494 11.
836 2441 873 2495 1.
910 2459 1019 2496 vox
1068 2443 1152 2496 est
1197 2458 1415 2511 prorsus
1463 2456 1872 2509 supervacanea,
1921 2440 2112 2493 deinde
2155 2439 2321 2496 variis
2370 2440 2513 2493 sedi-

429 2526 530 2580 bus
574 2527 651 2581 ita
691 2529 937 2597 Jactatur,
984 2530 1047 2582 ut
1092 2529 1219 2583 libri
1266 2529 1461 2603 partim
1512 2526 1774 2594 δηλονότι
1809 2528 1878 2580 τὰ
1910 2526 2015 2579 Ἐλ.
2057 2527 2252 2595 partim
2289 2528 2356 2580 τὰ
2404 2526 2507 2580 Ἑλ.

435 2611 697 2681 δηλονότι
734 2617 1037 2671 exhibeant.
1110 2618 1377 2685 postremo
1413 2614 1502 2670 vel
1537 2632 1632 2684 per
1668 2631 1726 2669 se
1763 2614 2078 2669 credibilius
2115 2616 2212 2682 est,
2253 2612 2514 2681 δηλονότι
2548 2627 2563 2642 ·

427 2702 517 2756 hic
554 2695 741 2757 eodeni
776 2705 932 2759 modo
968 2706 1153 2758 natum
1188 2720 1325 2772 esse,
1365 2719 1471 2772 quo
1497 2703 1812 2756 observante
1837 2702 2145 2757 Lehmanno
2181 2703 2241 2757 in
2265 2703 2327 2757 D.
2355 2704 2511 2759 Mort.

424 2789 498 2857 X,
537 2796 570 2847 6
619 2790 917 2844 adulterina
953 2792 1115 2845 verba
1165 2791 1456 2862 εὗεργὲτην
1504 2788 1768 2855 δηλονότι
1815 2790 1870 2842 et
1914 2789 2226 2858 hujusmodi
2262 2791 2509 2860 plurima.

426 2879 495 2944 at,
534 2877 728 2946 inquit,
767 2896 818 2931 v.
884 2876 1146 2945 δηλονότι
1179 2878 1270 2932 1110
1321 2878 1585 2947 quomodo
1622 2877 1837 2931 tandem
1877 2878 2125 2931 exortum
2158 2879 2213 2931 et
2249 2879 2328 2932 tot
2362 2878 2511 2932 codi-

426 2964 581 3018 cibus
617 2966 881 3019 inscrtum
905 2965 1028 3019 est?
1083 2965 1338 3018 nimirum
1375 2965 1530 3033 plane
1556 2964 1742 3018 eodem
1777 2964 1950 3033 modo,
1990 2981 2094 3033 quo
2118 2966 2304 3034 paucis
2329 2966 2510 3020 verbis

424 3053 546 3105 ante
580 3052 864 3120 πρότερον
901 3053 1044 3122 (ante
1080 3051 1237 3122 τὲως)
1273 3054 1326 3106 et
1362 3052 1465 3106 alia
1501 3051 1561 3104 in
1596 3051 1832 3107 Luciano
1867 3052 2099 3105 millena.
2160 3054 2331 3122 fuerat
2364 3054 2510 3107 enim

425 3138 554 3192 olim
600 3138 748 3193 aliud
797 3139 1065 3193 scholium
1113 3139 1254 3207 quod
1300 3140 1460 3193 hodie
1507 3139 1739 3207 deperiit
1783 3140 1861 3193 ad
1908 3141 2111 3194 verba
2158 3146 2306 3199 τοῖς
2362 3140 2387 3194 ε’
2402 3147 2512 3195 κεῖ

423 3225 500 3279 ita
533 3227 641 3280 fere
677 3229 1023 3296 conceptum:
1073 3230 1189 3284 τοῖς
1225 3227 1358 3296 ἐκεῖ]
1394 3228 1473 3280 τὰ
1515 3224 1876 3279 ἑλευσίνια
1917 3224 2251 3292 δηλονότι
2288 3237 2377 3280 καὶ
2414 3230 2510 3282 νῦν

336 3370 344 3377 ‚
424 3311 584 3383 λέγει,
627 3315 768 3383 quod
804 3314 1073 3370 scholium
1108 3330 1203 3382 per
1237 3331 1294 3368 se
1339 3313 1542 3368 bonum
1577 3315 1661 3367 est
1695 3315 1751 3367 et
1782 3314 1849 3368 ad
1882 3317 1996 3368 rem
2029 3315 2506 3374 adcommodatum.

423 3416 493 3452 ox
539 3401 642 3454 hoc
691 3401 898 3456 scholio
934 3420 986 3456 v.
1038 3400 1299 3471 δηλονότι
1346 3400 1405 3453 111
1452 3400 1642 3454 multis
1690 3402 1841 3456 codd.
1891 3402 2066 3456 adhuc
2112 3403 2330 3456 resedit.

423 3485 674 3540 τάνθάδε
714 3508 802 3542 σοι
840 3488 1000 3543 δοκεῖ
1036 3496 1105 3553 Φ,
1146 3491 1214 3542 τὰ
1255 3486 1462 3542 ἐνθάδε
1503 3509 1593 3541 σοι
1632 3485 1791 3542 δοκεῖ
1824 3489 1968 3546 2191?
2002 3492 2057 3543 et
2090 3508 2144 3558 v,
2188 3491 2255 3543 τὰ
2297 3488 2504 3545 ἐνθάδε

423 3574 486 3625 A.
543 3574 705 3628 verba
742 3596 831 3630 σοι
869 3574 1029 3630 δοκεῖ
1061 3576 1512 3631 omittitAsoluS.
1669 3575 1794 3630 libri
1822 3572 1942 3629 ἰδοὺ
1975 3570 2089 3630 οὖν.
2121 3579 2359 3632 ceterum
2379 3575 2503 3632 ἰδοὺ

422 3660 676 3729 yoEvjam
702 3661 762 3714 in
780 3661 880 3728 Qu.
900 3663 961 3717 L.
980 3680 1031 3732 p.
1055 3669 1151 3722 151
1174 3662 1397 3718 correxi.
1538 3685 1622 3721 τις
1641 3661 1988 3731 δᾳδουχοῦσα
2008 3664 2131 3727 ἩΦ,
2156 3662 2504 3734 δᾳδουχοῦσά

421 3767 502 3803 τις
536 3746 679 3799 AQF
713 3749 768 3800 et
800 3766 853 3802 V.
1031 3751 1280 3821 φοβερόν
1315 3773 1371 3805 τι
1406 3760 1496 3803 καὶ
1539 3750 1897 3818 ἀπειλητικὸν
1915 3752 2059 3805 ΑΩΕ
2081 3753 2137 3805 et
2161 3770 2213 3821 V,
2254 3754 2508 3824 φοβερὸν

422 3841 513 3886 καὶ
553 3832 911 3903 ἀπειλητικόν
945 3857 1000 3888 τι
1036 3837 1101 3905 ⁵21,
1155 3840 1405 3910 φοβερὸν
1453 3847 1544 3890 καὶ
1595 3835 1955 3903 ἀπειλητικὸν
1990 3845 2101 3909 (om
2137 3839 2216 3909 τι)
2254 3845 2326 3898 Φ.

421 3920 849 3992 προσβλέπουσα
872 3922 1122 3980 ἩΦΑΩῈ
1140 3927 1194 3979 et
1219 3944 1271 3994 v,
1296 3926 1578 4012 sssssnovoa
1597 3926 1646 3978 D
1667 3923 1832 3980 solus.
1885 3927 2091 3993 poterat
2121 3943 2247 3981 sane
2275 3927 2368 3982 hio
2393 3928 2504 3982 dici

420 4008 583 4063 etiam
619 4010 737 4064 sive
774 4009 1053 4082 βλέπουσα
1092 4013 1208 4067 sivo
1246 4013 1654 4084 ὑποβλέπουσα,
1696 4013 1793 4067 sed
1828 4014 1981 4067 teneo
2015 4013 2303 4084 vulgatam.
2466 4008 2504 4084 ἦ

422 4094 531 4165 ἄρα
558 4119 666 4150 που
688 4098 881 4155 mcum
899 4097 1223 4169 Lehmanno‚
1261 4101 1299 4169 ἢ
1329 4102 1439 4155 ποῦ’
1478 4100 1608 4171 (810)
1639 4105 1707 4161 Φ,
1750 4092 1786 4167 ἧ
1826 4091 1938 4168 ἆρά
1974 4121 2084 4153 που
2105 4101 2198 4155 AF
2232 4104 2287 4155 et
2309 4120 2361 4156 V.

413 4182 623 4252 Ἐρινύς
658 4185 973 4240 Jacobitius.
1015 4187 1294 4255 ἔρριψόςΑ
1332 4189 1431 4259 (ita
1450 4188 1542 4259 A),
1582 4187 1793 4256 ἕριιϊὺς
1831 4186 1977 4240 ΦΩῈ
2010 4189 2065 4242 et
2087 4206 2141 4256 V,
2178 4194 2413 4260 Εριιψυς
2438 4191 2501 4249 21.

558 4277 643 4330 23'.
696 4272 990 4344 παράλαβε
1031 4274 1397 4345 QDACQFM,
1433 4274 1840 4346 παραλάμβανε
1879 4275 1998 4328 edd.
2024 4277 2154 4329 vett.
2336 4278 2501 4348 2¹12]

420 4382 553 4509 ἑρρέ
574 4429 619 4483 F
654 4430 713 4502 (i.
740 4447 785 4485 6.
814 4430 1034 4503 ἐρινὺς).
1101 4431 1160 4485 111
1196 4433 1244 4486 A
1280 4448 1532 4501 personae
1570 4433 1782 4487 tantum
1814 4434 1941 4488 nota
1975 4433 2093 4488 sine
2128 4432 2360 4489 nomine.

2084 4536 2166 4583 10*
2266 4525 2279 4538 '
