3099 5241
512 385 667 441 CXII
1314 383 1409 440 DE
1465 382 1791 439 NUMERIS

1222 1418 1882 1504 Ep1metrum.

682 1716 808 1781 His
887 1717 1138 1801 scriptis
1211 1716 1368 1780 forte
1402 1714 1457 1795 *)
1533 1715 1735 1779 incidi
1812 1717 1880 1779 in
1960 1715 2026 1779 C.
2097 1716 2166 1781 F.
2236 1715 2595 1781 Hermanni

515 1820 1032 1904 ,disputationem
1121 1821 1198 1884 de
1281 1820 1750 1902 Thrasymacho
1831 1821 2129 1904 sophista‘
2208 1820 2594 1904 (Gottingae,

512 1946 567 1989 a.
619 1925 837 2010 1848),
897 1945 1089 2009 quam
1154 1945 1350 1989 unam
1396 1945 1584 1989 carus
1628 1925 1735 1989 ille
1781 1926 2029 1990 amicus
2073 1925 2155 1988 ad
2199 1943 2302 1990 me
2344 1926 2596 1988 mittere

511 2029 747 2094 oblitus
805 2034 922 2112 est,
984 2050 1188 2114 quum
1247 2036 1524 2095 caeteras
1571 2029 1674 2094 vel
1730 2027 2062 2114 Marburgi
2107 2030 2212 2093 vel
2257 2030 2597 2112 Gottingae

511 2134 588 2198 ab
636 2154 704 2199 se
749 2134 950 2199 editas
996 2153 1245 2219 semper
1288 2135 1584 2199 misisset.
1673 2134 1774 2198 Ita
1820 2155 2023 2218 quum
2068 2135 2376 2199 lectorum
2423 2152 2595 2197 com-

509 2239 698 2304 modo
741 2244 881 2302 tum
926 2239 1133 2323 ipsius
1176 2239 1300 2302 viri
1342 2239 1685 2303 memoriae
1728 2240 1849 2303 hoc
1895 2239 2112 2303 deberi
2170 2238 2460 2320 arbitror,
2520 2241 2595 2301 ut

511 2343 590 2407 de
633 2341 991 2406 Hermanni
1050 2345 1176 2408 mei
1231 2345 1613 2426 conjecturis
1673 2344 1851 2408 velut
1910 2344 2227 2408 corollarii
2284 2343 2422 2406 loco
2479 2340 2593 2404 ali-

512 2446 670 2530 quid
716 2447 1026 2529 adjiciam.
1122 2445 1416 2512 Ostendit
1460 2449 1657 2532 igitur
1702 2449 1782 2533 (Ρ.
1833 2450 1874 2514 3
1919 2453 1982 2512 et
2024 2448 2088 2529 4)
2136 2448 2215 2513 de
2259 2449 2592 2512 inventore

508 2556 724 2615 nostro
790 2551 1114 2615 neminem
1181 2552 1475 2636 iniquius
1535 2553 1860 2637 judicasse
1920 2552 2183 2617 Platone
2249 2554 2316 2616 in
2385 2552 2592 2638 primo

509 2658 791 2721 maxime
837 2656 998 2720 libro
1046 2657 1124 2720 de
1167 2657 1518 2741 republica,
1572 2660 1642 2721 in
1702 2679 1831 2743 quo
1876 2657 2385 2740 Thrasymachus
2443 2677 2594 2721 cum

511 2761 797 2824 doctrina
828 2760 980 2824 solis
1011 2762 1314 2845 sophistis
1358 2762 1555 2846 digna
1589 2763 1756 2844 juris
1788 2766 2297 2846 contemtionem,
2340 2781 2591 2826 morum

511 2866 930 2950 asperitatem,
988 2868 1424 2950 petulantiam,
1491 2869 1984 2950 contumaciam,
2044 2869 2325 2952 denique
2382 2869 2594 2950 impu-

512 2971 794 3034 dentiam
852 2972 1266 3053 conjunxisse
1323 2971 1559 3035 dicitur
1611 2971 1786 3036 hisce
1842 2974 1909 3035 in
1976 2974 2165 3037 locis:
2242 2994 2303 3057 p.
2353 2974 2502 3054 336,
2535 2970 2590 3034 Β

510 3073 683 3160 (bis),
713 3095 774 3159 p.
809 3076 958 3158 337,
981 3076 1065 3159 A,
1096 3097 1155 3160 p.
1190 3078 1341 3159 337,
1364 3075 1446 3158 D,
1478 3096 1537 3160 Ρ.
1572 3077 1724 3159 338,
1748 3078 1829 3160 A,
1859 3098 1921 3161 p.
1956 3078 2101 3161 343,
2125 3080 2207 3162 A,
2244 3099 2306 3162 p.
2338 3078 2488 3159 344,
2512 3074 2594 3158 D,

508 3199 571 3263 p.
618 3178 770 3262 350,
808 3177 891 3261 D,
946 3200 1007 3264 p.
1054 3181 1200 3263 350,
1237 3179 1315 3262 Ε,
1372 3201 1432 3264 p.
1481 3183 1632 3264 352,
1671 3180 1750 3261 Β,
1809 3203 1871 3266 p.
1930 3184 2077 3262 354,
2115 3186 2206 3264 A3
2270 3182 2490 3246 confer
2531 3180 2594 3243 V

510 3304 569 3367 p.
618 3283 770 3365 450,
804 3284 879 3348 Β.
992 3285 1155 3348 Tum
1215 3287 1297 3369 (p.
1350 3286 1431 3351 13
1476 3288 1636 3369 sqq.)
1707 3288 1987 3371 quaerit,
2068 3288 2390 3372 quomodo
2455 3286 2595 3351 fieri

509 3389 808 3471 potuerit,
876 3394 951 3453 ut
1015 3409 1191 3453 unus
1255 3389 1387 3453 fere
1445 3388 1628 3454 Plato
1686 3392 1900 3455 virum
1962 3394 2346 3477 sempiterna
2403 3391 2595 3456 laude

509 3490 838 3556 florentem
886 3498 1015 3557 tam
1059 3493 1325 3577 indigno
1372 3494 1560 3558 modo
1611 3494 1991 3561 describeret
2046 3499 2236 3582 eique
2294 3497 2595 3561 infamiae

511 3601 728 3660 notam
798 3598 984 3680 quasi
1048 3597 1337 3682 improbo
1408 3600 1728 3683 sophistae
1800 3601 2084 3665 inustam
2151 3601 2360 3667 vellet.
2471 3602 2595 3666 Re-

511 3701 782 3786 spondet
856 3707 1070 3767 autem
1158 3702 1238 3767 de
1321 3703 1610 3768 moribus
1682 3703 2138 3788 Thrasymachi
2223 3708 2385 3771 nihil
2465 3706 2595 3772 fere

510 3810 834 3890 praeterea
879 3812 1167 3873 constare
1211 3809 1485 3892 ideoque
1528 3809 1667 3874 fieri
1713 3811 1937 3875 saltem
1993 3812 2300 3896 potuisse,
2361 3817 2436 3877 ut
2493 3812 2591 3894 ,ob

510 3912 833 3995 insignem
874 3912 1200 3996 quandam
1243 3932 1498 3978 morum
1541 3914 1922 3980 foeditatem‘
1969 3916 2236 3981 infamia
2278 3915 2589 4000 flagraret.

647 4170 701 4239 ²³)
752 4170 928 4239 [Quod
975 4189 1060 4224 me
1098 4173 1263 4239 ,forte‘
1302 4170 1420 4224 dixi
1469 4171 1749 4241 incidisse,
1807 4176 1871 4227 A.
1909 4175 2170 4229 Weidner
2216 4192 2405 4229 censor
2439 4191 2592 4229 meus

511 4256 753 4324 miratur,
800 4258 895 4311 sed
942 4261 1006 4313 ut
1039 4275 1069 4312 e
1105 4260 1426 4327 praefatione
1477 4275 1595 4311 mea
1641 4260 1759 4328 ipse
1807 4262 2088 4331 intelliget,
2138 4263 2362 4316 miratur
2394 4262 2590 4332 inepte.

511 4342 607 4397 Ex
642 4343 1044 4413 Addendis]
