3099 5241
1333 441 1702 498 SOSTRATO.
2307 447 2564 503 XXXIII

473 613 689 676 missis
744 613 824 677 ad
869 614 1108 679 amicos
1160 616 1361 682 literis
1416 619 1496 682 ad
1540 619 1842 685 Herculis
1888 639 1956 685 se
1998 623 2304 688 virtutem
2351 643 2563 688 acces-

358 789 363 795 ,
474 717 633 781 sisse
675 719 983 800 gloriatus
1027 726 1140 785 est.
1231 721 1404 786 Ante
1447 723 1565 787 hos
1608 722 1779 789 Nero
1824 726 2285 811 perfossionem
2329 727 2559 794 Isthmi
2625 718 2630 731 ’

473 823 863 906 auspicatuS,
915 830 991 888 ut
1033 827 1122 890 ait
1166 825 1721 894 Pseudolucianus
1764 831 1835 893 in
1879 830 2133 896 Nerone
2179 852 2231 895 c.
2280 835 2340 915 3,
2396 833 2562 898 Her-

474 926 682 991 culem
742 929 866 993 sibi
923 950 1257 1014 superasse
1312 933 1492 997 visus
1549 939 1661 998 est.
1754 935 2088 1001 Praeterea
2132 938 2413 1021 suspicio
2461 944 2559 1002 est

471 1052 584 1116 pro
649 1033 931 1099 Hercule
1000 1036 1279 1119 quodam
1343 1037 1566 1102 haberi
1630 1039 1913 1104 voluisse
1982 1046 2044 1106 et
2110 1060 2280 1124 eum,
2351 1044 2464 1126 qui
2525 1063 2563 1107 a

470 1136 684 1205 Plinio
728 1140 809 1205 N.
841 1142 926 1207 H.
967 1143 1101 1227 VII,
1148 1145 1231 1210 26
1279 1144 1316 1225 ξ
1356 1144 1440 1208 95
1487 1163 1638 1207 cum
1681 1143 1963 1210 Hercule
2006 1153 2337 1229 aequatur,
2382 1152 2447 1211 et
2488 1148 2561 1210 in

471 1246 659 1329 cujus
717 1248 873 1311 aede
915 1247 1215 1312 Herculis
1261 1252 1471 1313 statua
1524 1248 1649 1312 fuit
1705 1250 1816 1330 (ita
1858 1249 2204 1314 Vitruvius
2249 1250 2364 1334 ΠΙ,
2409 1253 2472 1333 3,
2516 1250 2559 1315 5

471 1354 534 1414 et
575 1350 832 1415 Plinius
875 1350 956 1416 N.
1002 1351 1087 1416 H.
1134 1351 1442 1435 XXXIV,
1488 1354 1528 1417 8
1577 1355 1753 1435 §57)
1799 1353 2199 1438 Pompejum,
2248 1356 2374 1438 qui
2409 1358 2557 1418 ante

468 1473 758 1537 pugnam
835 1454 1267 1531 Pharsalicam
1346 1456 1636 1540 partibus
1716 1460 1852 1522 suis
1929 1463 2235 1524 tesseram
2321 1458 2564 1523 dederit

458 1552 780 1639 Ἠρακὶέα
851 1556 1162 1642 ἀνίκητον
1229 1567 1485 1626 auctore
1542 1562 1841 1647 Appiano
1900 1563 1976 1628 B.
2027 1562 2162 1627 Civ.
2210 1562 2290 1645 ΙΙ,
2337 1564 2443 1645 76,
2499 1567 2563 1626 et

470 1662 867 1747 Augustum,
938 1685 1131 1750 quem
1196 1665 1508 1731 Horatius
1573 1687 1706 1730 non
1772 1672 2006 1734 temere
2073 1687 2226 1732 cum
2278 1667 2562 1732 Hercule

466 1769 655 1832 toties
702 1771 1092 1855 comparavit
1134 1769 1277 1854 (od.
1313 1770 1423 1854 111,
1455 1773 1513 1854 3,
1556 1772 1790 1839 9—-12,
1823 1772 1938 1855 1113
1974 1772 2076 1837 14.
2116 1775 2168 1837 1.
2200 1771 2307 1855 IV,
2338 1774 2397 1855 5,
2430 1773 2560 1854 36),

406 1860 413 1869 ’
470 1875 533 1936 et
579 1871 955 1959 Caligulam,
1017 1895 1210 1961 quem
1266 1878 1362 1959 (ut
1417 1878 1506 1940 ait
1564 1876 1916 1941 Suetonius
1962 1896 2015 1941 c.
2065 1877 2126 1959 8)
2187 1876 2561 1942 Gaetulicus

467 1995 583 2059 per
646 1978 1079 2044 adulationem
1143 1982 1454 2046 mentitus
1537 1986 1673 2045 erat
1735 1981 1960 2046 Tiburi
2024 1984 2319 2066 genitum
2398 2002 2560 2064 esse,

469 2081 712 2146 scilicet
774 2085 845 2146 in
903 2084 1064 2149 urbe
1122 2084 1392 2149 Herculi
1448 2104 1645 2149 sacra.
1761 2085 1888 2150 Sed
1957 2086 2084 2151 fuit
2147 2088 2318 2151 inter
2377 2107 2560 2171 reges

471 2205 676 2268 quum
721 2186 801 2251 ab
845 2188 1209 2254 Heraclidis
1255 2189 1592 2270 oriunduS,
1649 2194 1791 2255 tum
1844 2191 1983 2274 ipse
2025 2193 2560 2275 germanissimus

466 2289 806 2375 Hercules,
863 2313 1040 2357 unus
1096 2293 1204 2358 ille
1252 2314 1380 2377 quo
1423 2295 1563 2358 viro
1621 2293 1947 2358 fortiorem
2003 2300 2232 2358 natum
2293 2294 2562 2360 arbitror

466 2397 827 2479 neminem,
892 2398 1262 2463 Alexander
1328 2397 1631 2480 Maced0,
1702 2399 1817 2483 qui
1884 2418 2033 2462 cum
2098 2398 2380 2463 Hercule
2449 2418 2560 2463 ex-

469 2505 782 2582 aequatus
837 2507 934 2567 est
989 2504 1085 2585 (ut
1143 2502 1222 2566 ab
1283 2502 1636 2567 Menandro
1689 2503 1942 2568 rhetore
1995 2504 2067 2566 in
2111 2502 2397 2568 Rhetorr.
2448 2503 2555 2568 Gr.

466 2602 562 2668 IX
604 2627 664 2689 p.
715 2605 842 2673 246
887 2606 1120 2694 Walz.)
1166 2612 1358 2693 atque
1402 2609 1542 2693 ipse
1585 2607 1934 2673 Herculem
1979 2607 2287 2672 aemulari
2333 2608 2558 2673 solitus

466 2706 573 2791 (de
619 2730 747 2793 quo
792 2712 1106 2777 Arrianus
1135 2713 1344 2778 Anab.
1381 2713 1494 2796 111,
1526 2716 1589 2796 3,
1622 2714 1663 2778 2
1695 2718 1757 2778 et
1786 2712 1895 2795 IV,
1926 2713 2034 2796 28,
2062 2713 2107 2776 4
2153 2732 2305 2776 cum
2336 2711 2554 2777 Curtio

468 2812 583 2896 lX,
627 2816 691 2897 2,
736 2818 821 2881 29
877 2819 1214 2897 consentit)
1272 2837 1484 2901 usque
1540 2837 1637 2900 eo,
1695 2822 1770 2881 ut
1826 2816 2129 2904 Herculis
2184 2835 2287 2880 res
2342 2822 2556 2900 gestas

467 2920 660 2983 etiam
715 2940 1014 3005 superare
1073 2923 1355 2987 studeret
1420 2924 1501 3003 (V.
1564 2921 1903 2986 Justinum
1962 2919 2110 3002 ΧΙΙ,
2158 2922 2219 3002 7,
2268 2923 2388 3004 13).
2501 2909 2580 2984 E'

466 3021 899 3089 Romanorum
931 3031 1146 3091 autem
1174 3025 1667 3110 imperatoribus
1698 3027 1852 3109 scio,
1902 3027 2015 3122 qui
2044 3025 2219 3088 hunc
2248 3027 2558 3090 honorem

465 3129 698 3210 partim
752 3148 902 3194 vere
958 3136 1342 3196 consecutus
1400 3133 1501 3212 sit,
1555 3130 2014 3212 Maximinum,
2069 3130 2151 3194 de
2211 3150 2339 3213 quo
2398 3131 2556 3195 haec

464 3230 657 3298 habet
708 3232 771 3296 J.
833 3232 1228 3320 Capitolinus
1282 3238 1353 3298 iu
1411 3235 1786 3299 Maximinis
1843 3255 1895 3299 c.
1945 3237 2018 3300 6:
2091 3235 2217 3316 ,alii
2275 3235 2557 3319 denique

467 3353 616 3400 eum
663 3336 1086 3404 Crotoniatem
1133 3339 1460 3423 Milonem,
1507 3341 1617 3404 alii
1659 3329 2031 3421 Herculem,
2074 3340 2401 3405 Antaeum
2447 3340 2558 3404 alii

463 3443 813 3507 vocarunt‘.
926 3443 1257 3509 Praeterea
1323 3445 1752 3529 Spanhemius
1819 3443 1917 3508 De
1983 3444 2219 3509 Praest.
2281 3450 2345 3509 et
2412 3444 2558 3510 Usu

464 3546 658 3614 Num.
688 3549 754 3612 Τ.
787 3549 850 3612 II
880 3569 941 3633 p.
974 3548 1103 3616 493
1136 3569 1274 3633 sqq.
1311 3550 1770 3614 demonstravit
1815 3549 2148 3632 ,Herculis‘
2194 3567 2553 3633 cognomen

466 3656 688 3732 datum
754 3675 895 3720 esse
961 3656 1153 3720 etiam
1209 3653 1670 3737 Dominitiano,
1740 3654 1994 3736 Severo,
2060 3653 2424 3718 Aemiliano
2494 3659 2557 3718 et

461 3762 758 3845 inprimis
814 3760 1206 3824 Maximiano
1271 3759 1613 3842 ,Herculio‘
1661 3758 1827 3842 (sive
1872 3758 2170 3842 ,Herculi‘
2216 3779 2316 3843 ap.
2365 3757 2556 3823 Cl'au-

464 3867 729 3929 dianum
775 3864 872 3930 De
915 3863 1075 3929 Bell.
1114 3863 1282 3928 Gild.
1325 3886 1382 3929 v,
1428 3866 1558 3931 418
1606 3863 1919 3949 aliosque)
1966 3868 2159 3946 atque
2203 3863 2325 3927 hoc
2373 3861 2555 3964 ,Her-

462 3970 643 4034 culis‘
716 3988 1067 4054 cognomen
1135 3970 1328 4034 etiam
1393 3971 1644 4034 diutius
1709 3969 2041 4049 mansisse,
2107 3968 2197 4030 ita
2256 3972 2333 4030 ut
2390 3965 2555 4030 Con-

464 4076 738 4138 stantius
780 4094 1060 4160 ‚quoque
1120 4078 1184 4138 et
1240 4073 1702 4139 Constantinus
1767 4070 2094 4156 ,Herculii‘
2168 4071 2550 4136 dicerentur.

460 4176 650 4243 Hanc
706 4199 855 4244 vero
911 4179 1320 4244 insolentiam
1379 4200 1584 4265 quum
1640 4178 1750 4242 alii
1805 4177 2143 4260 scriptores
2200 4176 2553 4258 christiani,
2609 4205 2624 4222 ·

461 4288 602 4347 tum
658 4285 1036 4367 gravissime
1092 4285 1428 4366 castigavit
1483 4282 1857 4347 Lactantius
1910 4278 2008 4344 De
2068 4279 2250 4344 Mort.
2298 4280 2547 4344 Perseo.

463 4406 515 4451 c.
562 4389 676 4453 52:
739 4387 872 4470 ,ubi
925 4393 1100 4471 sunt,
1159 4389 1394 4471 inquit,
1452 4388 1665 4470 mod0,
1721 4384 2065 4469 magnifica
2121 4385 2231 4449 illa
2276 4392 2340 4449 et
2384 4386 2554 4448 clara

2132 4509 2203 4549 111
