3099 5241
528 420 780 477 xxvm
1362 421 1458 476 DE
1512 422 1817 477 LUCIANI

530 599 614 665 sit
654 598 928 663 Luciani
985 600 1311 683 genuinus
1369 617 1634 664 necesse
1687 603 1783 663 est
1838 599 2009 665 idem
2070 600 2294 665 cadere
2352 601 2423 664 in
2466 600 2611 679 wa

532 698 812 785 στράτον
854 702 1002 786 βίον
1049 702 1290 767 librum
1334 703 1522 767 hodie
1569 702 1986 787 deperditum.
2077 705 2313 770 Tamen
2359 710 2620 770 utrum-·

532 827 657 892 que
714 807 953 885 librum
997 806 1058 871 J.
1105 807 1358 872 Bekker
1415 807 1495 871 ab
1539 806 1826 872 Luciano
1886 810 2162 894 pessime
2219 800 2611 893 abjudicavit

531 913 907 996 decepitque
936 911 994 976 J.
1029 912 1460 993 Bernays'ium
1506 914 1597 993 (in
1639 913 1681 981 l.
1716 911 1961 977 Lucian
2005 894 2170 978 und'
2188 915 2289 980 die
2318 915 2611 1007 Kyniker

527 1035 589 1100 p.
645 1017 812 1097 104),
872 1018 1060 1099 cujus
1114 1017 1237 1080 viri
1281 1036 1519 1080 errores
1576 1022 1896 1101 praetereo
1946 1021 2316 1102 praesertim
2351 1021 2485 1102 jam
2531 1020 2609 1084 ab

526 1118 602 1207 Ε.
652 1119 971 1204 Ziegelero
1039 1119 1203 1186 bene
1266 1121 1588 1185 refutatos.
1683 1120 1978 1186 Ceterum
2045 1122 2400 1190 dissertatio
2470 1144 2611 1190 mea

532 1222 610 1288 de
652 1221 925 1288 Luciani
970 1223 1249 1289 Sostrato
1294 1227 1575 1309 primum
1618 1225 1944 1319 Rostochii
1988 1247 2038 1290 a.
2078 1228 2245 1293 1865
2283 1229 2452 1294 edita
2494 1233 2604 1293 est.

530 1325 722 1391 Hanc
766 1347 946 1393 nunc
989 1328 1155 1393 infra
1197 1332 1387 1414 posui
1430 1331 1818 1396 verbotenus
1861 1332 2213 1416 repetitam.

1364 1608 1632 1694 Caput
1684 1608 1779 1672 ΙΙ.

1097 1774 1218 1859 De
1281 1773 1613 1859 Luciani
1676 1773 2048 1860 Sostrato.

705 1953 855 2039 Ipso
899 1946 1310 2022 Demonactis
1365 1959 1549 2022 initio
1594 1956 1924 2022 Lucianus
1969 1976 2037 2022 se
2082 1956 2345 2022 Sostrati
2391 1958 2609 2040 cujus-

535 2058 681 2122 dam
724 2056 973 2124 Boeotii
1037 2063 1416 2126 memoriam
1474 2067 1538 2126 et
1594 2082 1697 2127 res
1755 2064 1965 2147 gestas
2019 2062 2219 2127 literis
2275 2061 2615 2125 mandasse

535 2181 773 2247 easque
830 2165 900 2228 in
958 2165 1083 2229 alio
1138 2165 1300 2231 libro
1345 2167 1671 2249 sigillatim
1716 2171 2126 2251 persecutum
2172 2186 2310 2232 esse
2357 2167 2615 2230 demon-

535 2269 783 2332 stravit:
855 2269 969 2353 qui
1035 2268 1196 2334 liber
1260 2291 1392 2335 non
1458 2273 1677 2336 minus
1746 2291 1941 2356 quam
1997 2269 2405 2335 Demonactis
2461 2270 2616 2335 Vita

533 2370 805 2435 Luciani
847 2373 1052 2438 fuerat
1096 2373 1577 2440 Samosatensis.
1656 2367 1968 2441 'Ceterum
2034 2376 2141 2439 hic
2206 2376 2284 2439 de
2338 2374 2615 2439 Sostrato

532 2475 695 2540 liber
754 2483 1022 2542 aetatem
1075 2498 1208 2543 nou
1268 2481 1435 2563 tulit,
1495 2480 1607 2544 sed
1652 2486 1823 2545 totus
1869 2499 2079 2564 usque
2124 2499 2197 2544 eo
2243 2480 2615 2545 obliteratus

534 2586 650 2665 est,
696 2587 770 2647 ut
812 2588 1060 2667 praeter
1100 2604 1307 2669 pauca
1353 2585 1667 2670 quaedam
1710 2588 1780 2651 in
1811 2583 2202 2650 Demonacte
2247 2606 2298 2650 c.
2338 2586 2369 2650 1
2420 2584 2617 2650 verba

533 2705 619 2750 ne
681 2686 1036 2772 fragmenta
1104 2690 1366 2773 quidem
1432 2692 1572 2773 ejus
1638 2710 1673 2755 e
1731 2690 2018 2756 Luciano
2080 2692 2212 2755 ulla
2268 2690 2611 2774 supersint.

533 2789 781 2855 Verum
847 2794 1021 2857 enim
1085 2792 1619 2860 Hemsterhusius
1682 2797 1755 2859 in
1807 2795 2075 2861 Praefat.
2149 2797 2228 2860 ad
2283 2794 2612 2859 Pollucem

535 2915 596 2979 p.
645 2896 729 2961 29
790 2898 1107 2981 praeclare
1163 2900 1325 2964 vidit
1383 2900 1558 2964 hunc
1610 2898 1881 2964 Luciani
1926 2901 2279 2966 Sostratum
2341 2899 2618 2964 eundem

536 3000 757 3084 fuisse,
805 3003 917 3085 qui
963 3003 1041 3066 ab
1088 3003 1466 3069 Philostrato
1511 3007 1582 3069 in
1605 3006 1736 3070 Vit.
1773 3005 2070 3091 Soph.11,
2107 3008 2138 3071 1
2176 3025 2229 3070 c.
2258 3007 2294 3070 7
2342 3004 2617 3087 Agathio

539 3104 749 3169 dictus
815 3112 929 3171 est.
1042 3107 1529 3174 Hemsterhusio
1598 3117 1813 3176 autem
1879 3131 2101 3175 omnes
2166 3111 2296 3175 fere
2364 3108 2619 3172 adsensi

350 3259 359 3268 .
480 3249 487 3255 -
538 3213 711 3291 sunt,
754 3209 979 3274 leviter
1023 3212 1354 3279 dubitante
1400 3215 1532 3280 solo
1582 3215 1829 3281 Oleario
1889 3217 1970 3280 ad
2014 3215 2309 3279 Philostr.
2355 3235 2418 3298 p.
2466 3212 2681 3312 552„

539 3313 728 3395 cujus
793 3315 1122 3408 inscitiam.
1182 3318 1455 3384 Solanus
1539 3320 1622 3384 ad
1688 3320 1957 3386 Demon.
2020 3321 2053 3385 1
2119 3320 2266 3402 jure
2330 3319 2615 3381 miratur.

541 3414 970 3492 Quamobrem
1015 3440 1241 3505 operae
1284 3444 1387 3489 me
1431 3427 1708 3509 pretium
1755 3444 1937 3509 spero
1980 3421 2299 3488 facturum
2347 3440 2506 3502 esse,
2562 3420 2619 3484 si

539 3520 814 3587 Luciani
857 3528 919 3588 et
947 3525 1313 3614 Philostrati
1355 3529 1513 3594 locis
1557 3532 1725 3595 inter
1768 3549 1837 3593 se
1883 3528 2151 3593 conlatis
2197 3529 2275 3592 de
2317 3525 2481 3590 libro
2511 3525 2619 3588 illo

539 3625 811 3690 Luciani
865 3629 1054 3694 hodie
1114 3632 1436 3717 deperdito
1493 3636 1854 3699 accuratius
1915 3634 2219 3698 disserere
2262 3631 2616 3695 instituam.

544 3729 844 3796 Omittam
906 3739 1117 3800 tamen
1179 3740 1393 3803 omnia
1449 3760 1530 3804 ex
1587 3759 1818 3825 genere
1861 3739 2181 3820 historice,
2242 3753 2408 3820 quae
2452 3738 2620 3802 certo

540 3836 691 3899 sciri
745 3858 924 3905 nunc
982 3860 1114 3904 non
1172 3850 1471 3926 possunt:
1536 3845 1791 3929 quando
1848 3846 1968 3925 (uti
2012 3844 2176 3909 bene
2221 3839 2495 3905 Solanus
2539 3839 2620 3904 ad

540 3938 806 4008 Demon.
831 3964 882 4008 c.
917 3946 973 4026 1)
1023 3948 1259 4032 quibus
1302 3951 1569 4015 historia
1611 3950 1866 4013 illorum
1911 3955 2271 4033 temporum
2315 3944 2621 4009 illustrari

539 4053 768 4131 posset,
832 4052 903 4115 in
959 4069 1031 4116 eo
1085 4054 1251 4119 libro
1304 4055 1481 4121 haud
1540 4054 1734 4119 dubie
1789 4054 1991 4119 multa
2047 4054 2324 4136 fuerant,
2390 4056 2466 4117 ut
2518 4051 2622 4115 vel

541 4158 869 4237 propterea
912 4157 1069 4223 haec
1104 4160 1357 4242 jactura
1388 4181 1519 4225 non
1557 4161 1793 4244 exigua
1827 4159 2138 4254 vide-atur.
2208 4157 2308 4221 Ac
2340 4159 2620 4242 primum

545 4258 805 4342 quidem
862 4281 1098 4328 nomen
1153 4266 1277 4328 viri
1338 4267 1416 4330 de
1476 4285 1605 4350 quo
1664 4265 1896 4329 dicturi
1953 4284 2181 4329 sumus
2236 4261 2620 4346 Σώστρατος

546 4362 799 4429 duobus
842 4370 1095 4435 tantum
1148 4369 1307 4436 locis
1360 4371 1431 4433 in
1475 4369 1746 4436 Demon.
1799 4370 1834 4434 1
1894 4370 2152 4454 legitur,
2214 4371 2288 4434 in
2343 4387 2621 4454 quorum
