3099 5241
1192 431 1882 491 PSEUDOLUOIANEIS.
2362 435 2575 492 LXXV

492 610 618 694 ipsi
698 609 953 674 nullum
1034 608 1274 674 librum
1340 611 1730 696 evulgarunt
1791 613 1921 678 nisi
2001 617 2145 697 post
2210 612 2582 677 diuturnam

491 715 1121 798 praemeditationem
1187 735 1320 778 non
1379 715 1761 800 aequalibus
1827 717 2041 782 solum
2099 736 2327 781 verum
2388 717 2580 782 etiam

492 819 764 903 posteris
808 819 1182 902 consulturi,
1227 825 1368 884 tum
1408 819 1622 884 eidem
1665 820 1953 885 sciebant
1996 819 2271 887 Bekkeri
2318 841 2581 906 quoque

492 923 689 989 libros
735 922 887 987 olim
931 923 1133 988 fnisse
1179 925 1470 1007 optimos„
1514 929 1832 1008 postremo
1875 924 2238 990 Lucianum
2283 944 2317 990 e
2362 925 2582 990 Samo-

494 1027 734 1092 satensi
790 1025 1278 1092 Berolinensem
1349 1028 1551 1093 senile
1611 1049 1775 1113 opus
1835 1050 1870 1093 e
1929 1029 2249 1114 prioribus
2307 1027 2583 1095 Bekkeri

494 1131 795 1218 operibus
838 1130 1282 1197 metiebantur.
1376 1132 1608 1197 Contra
1644 1133 1896 1198 Bekker
1938 1153 2070 1198 non
2100 1133 2354 1199 videtur
2394 1153 2582 1218 repu-

493 1241 682 1319 tasse,
729 1243 971 1321 quanto
1014 1256 1166 1301 cum
1211 1238 1499 1320 periculo
1560 1257 1680 1302 suo
1734 1239 1901 1302 hanc
1947 1240 2387 1322 quaestionem
2439 1257 2582 1323 pro-

493 1342 798 1424 posuerit.
912 1339 1085 1417 Quid
1152 1343 1329 1405 enim
1391 1342 1685 1409 futurum
1753 1347 1921 1424 erat,
1989 1343 2046 1406 si
2113 1344 2260 1427 quis
2319 1343 2581 1426 juvenis

496 1445 722 1511 doctus
769 1444 950 1513 docte
996 1446 1397 1528 ostendisset,
1440 1446 1738 1509 Toxarim
1786 1446 2109 1532 dialogum
2165 1447 2340 1511 haud
2386 1446 2582 1511 dubie

494 1550 858 1632 genuinum
915 1570 1076 1632 esse,
1134 1550 1500 1615 Bekkerum
1561 1556 1775 1616 autem
1817 1551 2042 1636 procul
2086 1550 2164 1616 ab
2209 1571 2359 1616 vero
2403 1549 2583 1616 aber-

491 1653 715 1721 rasse?
801 1653 1033 1738 Neque
1074 1657 1248 1721 enim
1293 1655 1434 1723 fieri
1476 1656 1702 1740 potuit,
1761 1661 1837 1720 ut
1888 1657 2150 1739 juvenis
2193 1655 2306 1719 tali
2350 1655 2582 1720 disser-

493 1759 734 1825 tatione
777 1758 1007 1825 tradita
1050 1765 1114 1824 et
1152 1760 1235 1825 ob
1268 1761 1593 1825 doctrinae
1624 1761 1840 1844 copias
1867 1762 2225 1845 praemium
2271 1761 2584 1845 acciperet

495 1867 559 1927 et
618 1862 789 1927 idem
852 1881 966 1947 per
1020 1883 1277 1929 causam
1335 1865 1730 1948 arrogantiae
1786 1865 1975 1930 ferret
2025 1865 2365 1950 repulsam.
2465 1865 2583 1928 At-

493 1971 707 2033 tamen
756 1970 1028 2033 eventus
1073 1968 1154 2032 ad
1200 1968 1475 2034 Bekkeri
1520 1988 1699 2053 spem
1744 1973 1876 2034 tam
1926 1969 2195 2035 feliciter
2234 1969 2583 2052 respondit,

493 2077 570 2137 ut
623 2070 685 2137 J.
752 2070 1206 2156 Guttentagius
1272 2093 1404 2137 non
1474 2074 1793 2139 dubitaret
1848 2093 1964 2158 pro
2022 2093 2157 2138 uno
2219 2073 2441 2137 saltem
2502 2091 2586 2136 ex

494 2180 590 2241 tot
630 2174 909 2244 Bekkeri
954 2175 1153 2241 obelis
1198 2197 1623 2263 propugnare.
1733 2177 2011 2243 Tametsi
2054 2182 2268 2243 autem
2318 2176 2586 2241 Gutten-

493 2280 650 2362 tagii
696 2298 889 2364 opera
931 2280 1012 2344 ad
1068 2300 1390 2347 summam
1446 2283 1538 2347 rei
1595 2302 1858 2366 prorsus
1910 2283 2072 2347 nihil
2133 2280 2400 2347 arbitror
2442 2299 2586 2365 pro·-

493 2383 734 2449 fectum
779 2403 940 2468 esse,
984 2390 1201 2451 tamen
1247 2388 1386 2469 ejus
1430 2385 1744 2469 libellum,
1804 2389 1917 2471 qui
1974 2406 2185 2471 neque
2232 2384 2584 2450 disserendi

495 2487 847 2555 subtilitate
891 2507 1107 2573 neque
1149 2490 1436 2555 modicae
1493 2490 1818 2556 doctrinae
1874 2492 2183 2576 adparatu
2241 2509 2360 2555 nec
2419 2509 2584 2574 pura

497 2598 665 2660 caret
709 2592 1089 2677 elocutione,
1135 2596 1414 2680 praemio
1461 2595 1742 2681 quodam
1786 2595 1961 2659 haud
2004 2595 2350 2680 indignum
2380 2594 2582 2660 fuisse

496 2716 742 2766 oenseO.

671 2801 796 2868 Sed
849 2823 1050 2886 nunc,
1111 2809 1184 2868 ut
1238 2806 1326 2869 ait
1370 2803 1660 2886 FlaccuS,
1717 2810 1944 2888 ,amoto
1992 2823 2373 2889 quaeramus
2419 2803 2583 2867 seria

494 2907 690 2972 ludo‘.
775 2907 944 2973 Nam
1009 2907 1073 2973 J.
1140 2909 1393 2974 Bekker
1467 2910 1656 2991 olim,
1737 2910 1908 2994 quod
1990 2908 2290 2992 equidem
2368 2908 2580 2972 adhuc

496 3014 812 3097 potuerim
896 3013 1263 3094 observare,
1352 3015 1590 3097 spuriis
1680 3033 1939 3098 quoque
2024 3017 2195 3078 recte
2280 3012 2580 3077 notandis

497 3118 737 3202 optimo
805 3120 1045 3202 cuique
1111 3118 1477 3183 criticorum
1544 3118 1889 3183 obsecutus
1946 3118 2126 3183 velut
2178 3118 2248 3181 in
2302 3117 2580 3182 editione

496 3240 616 3287 sua
680 3220 966 3288 Platonis
1042 3242 1342 3307 magnam
1423 3224 1749 3307 quandam
1825 3223 2320 3287 moderationem
2388 3227 2581 3306 atque

496 3325 907 3412 prudentiam
951 3326 1265 3392 exhibuit.
1358 3326 1531 3403 Quid
1574 3330 1773 3413 igitur
1800 3326 2129 3392 Lucianus
2160 3328 2580 3408 commiserat,

498 3436 573 3496 ut
638 3431 852 3497 subito
931 3433 1002 3496 in
1070 3432 1247 3496 hunc
1315 3452 1522 3497 unum
1589 3441 1766 3497 tanta
1834 3432 2206 3497 crudelitate
2271 3433 2582 3517 inciperet

498 3536 788 3602 saevire?
895 3534 1282 3621 Quanquam
1338 3539 1539 3601 unius
1600 3545 1663 3601 et
1719 3539 1871 3602 item
1932 3537 2191 3601 alterius
2248 3536 2414 3601 obeli
2467 3556 2581 3601 ex-

499 3642 744 3706 cusatio
815 3642 1130 3725 quaedam
1195 3642 1266 3705 in
1333 3662 1406 3707 eo
1472 3644 1682 3727 posita
1739 3647 1856 3725 est,
1924 3642 2095 3727 quod
2154 3661 2303 3706 eum
2364 3642 2579 3705 critico

497 3745 540 3811 J
542 3745 776 3812 acobiti
832 3747 1142 3831 adparatu
1197 3747 1480 3830 oportuit
1522 3767 1661 3813 esse
1707 3744 2098 3812 contentum.
2189 3745 2363 3810 Hinc
2407 3746 2581 3810 enim

498 3851 702 3916 multa
757 3852 915 3917 vitia
957 3850 1243 3918 Lucieno
1301 3869 1456 3915 sane
1510 3851 1800 3936 indigna,
1869 3869 2033 3936 quae
2092 3851 2162 3914 in
2208 3851 2350 3916 aliis
2396 3850 2576 3914 codd.

498 3956 834 4022 emendata
911 3956 1252 4039 leguntur,
1334 3957 1629 4019 omnium
1708 3956 2018 4021 librorum
2085 3956 2453 4019 communia
2518 3961 2582 4020 et

496 4061 706 4146 ipsius
772 4061 1097 4146 scriptoris
1150 4062 1405 4147 propria
1463 4080 1604 4126 esse
1661 4063 1959 4146 opinatus
2017 4079 2151 4124 non
2194 4061 2405 4147 potuit
2447 4079 2580 4124 non

499 4165 887 4250 opusculum
941 4167 1156 4251 ipsum
1207 4166 1394 4250 quasi
1437 4167 1733 4250 spurium
1775 4165 1941 4229 foras
1983 4165 2285 4248 proicere.
2375 4163 2581 4249 Equi-

501 4270 645 4335 dem
736 4289 865 4354 quo
953 4271 1190 4335 certius
1276 4269 1356 4333 ab
1430 4272 1737 4353 genuinis
1810 4271 2030 4354 spuria
2100 4270 2582 4350 distinguerem,

495 4375 903 4460 potissimum
984 4374 1143 4441 haec
1213 4373 1481 4441 firmiter
1552 4380 1768 4442 tenere
1842 4375 2169 4442 consuevi.
2288 4372 2581 4441 Primum
