3099 5241
1243 445 1782 503 NECYOMANTIA.
2426 446 2557 502 LXI

461 618 719 713 operam
779 627 980 692 literis
1034 626 1281 710 graecis
1339 643 1577 690 navare
1632 626 1859 708 potuit.
1953 624 2095 688 Has
2139 624 2338 709 igitur
2376 644 2555 709 repe·

459 734 739 813 titioneS,
781 730 1179 816 praeclarum
1215 729 1537 814 quoddam
1572 734 1776 794 certae
1807 729 2272 793 emendationis
2315 730 2555 794 instru-

460 841 752 911 mentum
798 854 1021 900 omnes
1064 835 1193 899 fere
1223 834 1495 898 editores
1527 833 1973 916 neglexerunt,
2019 833 2294 900 Solanus
2338 838 2553 899 tamen

458 941 530 1004 in
599 942 734 1004 sola
796 939 927 1005 fere
993 938 1460 1020 Necyomantia
1524 958 1594 1001 re
1659 937 1920 1002 fortuita
1987 938 2355 1003 admonitus
2422 959 2553 1003 non

459 1045 762 1129 neglexit.
850 1043 1019 1108 Nam
1063 1044 1133 1105 in
1180 1042 1571 1106 editionibus
1630 1040 1726 1122 (in
1773 1042 2102 1106 codicibus
2146 1044 2375 1127 partim
2421 1063 2554 1107 non

457 1151 633 1231 item)
701 1149 1102 1213 Mortuorum
1169 1146 1424 1231 Dialogi
1491 1152 1555 1211 et
1618 1146 2104 1228 Necyomantia,
2169 1147 2240 1209 in
2312 1147 2553 1231 quibus

459 1256 690 1339 partim
737 1254 964 1319 eadem
1005 1253 1272 1338 repetita
1316 1270 1456 1316 esse
1500 1251 1676 1315 haud
1724 1271 1877 1316 sane
1936 1252 2174 1315 mirum
2229 1256 2346 1333 est,
2402 1270 2553 1316 con-

459 1359 643 1422 tinuo
689 1359 912 1424 ordine
957 1377 1026 1422 se
1072 1356 1422 1440 excipiunt.
1514 1355 1693 1419 Hinc
1735 1358 1826 1419 ita
1868 1357 2122 1440 scripsit
2153 1355 2427 1420 Solanus
2472 1357 2555 1421 ad

457 1461 766 1544 Necyom.
822 1463 888 1527 1:
962 1462 1070 1545 ,Ut
1136 1461 1364 1525 demus
1421 1480 1555 1524 non
1612 1460 1855 1545 fugisse
1923 1480 2072 1524 eum
2137 1461 2210 1524 in
2265 1459 2553 1545 Dialogis

461 1565 864 1631 Mortuorum
917 1569 1051 1651 jam
1108 1567 1362 1651 saepius
1421 1565 1591 1629 dicta
1644 1565 1970 1648 repetere‘,
2028 1584 2244 1630 errans
2297 1566 2405 1630 ille
2447 1566 2555 1630 hic

465 1673 659 1735 etiam
725 1674 797 1736 in
864 1692 956 1754 ec,
1027 1671 1204 1756 quod
1263 1669 1568 1754 Dialogos
1624 1669 2025 1734 Mortuorum
2090 1675 2236 1754 post
2300 1670 2552 1753 Necyo-

460 1778 766 1841 mantiam
837 1777 1100 1840 demum
1168 1774 1247 1840 ab
1301 1775 1588 1839 Luciano
1657 1776 1927 1858 scriptos
1984 1793 2124 1839 esse
2178 1795 2309 1839 non
2368 1776 2548 1839 vidit.

461 1880 568 1943 Ex
633 1883 734 1945 his
801 1883 1110 1965 sequitur,
1175 1882 1583 1965 repetitiones
1649 1879 1792 1944 illas
1857 1881 1928 1943 in
1996 1899 2219 1944 omnes
2288 1881 2550 1945 omnino

461 1984 734 2049 Luciani
780 1993 1029 2051 saturas
1075 1985 1316 2068 cadere,
1374 1986 1464 2049 ita
1522 1989 1599 2048 ut
1642 1983 1722 2047 ob
1769 1984 1935 2048 hanc
1983 1984 2245 2068 quidem
2290 2004 2551 2049 causam

461 2095 574 2154 aut
616 2091 909 2175 plerique
954 2093 1146 2156 etiam
1191 2090 1299 2154 alii
1341 2088 1489 2152 libri
1534 2093 1649 2152 aut
1677 2108 1760 2152 ne
1791 2088 2256 2171 Necyomantia
2288 2090 2553 2173 quidem

461 2194 539 2258 ab
599 2193 888 2260 Luciano
945 2195 1296 2279 abjudicari
1358 2191 1602 2256 debeat.
1717 2194 1924 2276 Atqui
1982 2193 2105 2257 hoc
2160 2195 2300 2277 ipso
2362 2215 2551 2278 argu-

462 2305 678 2364 mento
725 2301 804 2364 ab
848 2299 1336 2385 repetitionibus
1385 2298 1576 2361 ducto
1609 2295 1884 2361 Solanus
1929 2303 1992 2362 et
2034 2297 2448 2363 Lehmannus
2495 2301 2551 2363 si

461 2424 593 2467 non
656 2405 812 2487 solO,
871 2410 935 2469 at
988 2425 1121 2469 uno
1179 2404 1470 2468 omnium
1525 2403 1806 2466 maxime
1852 2403 2153 2466 nituntur
2196 2403 2551 2487 eodemque

461 2510 620 2574 mire
687 2508 867 2572 abuti
924 2509 1146 2573 videas
1211 2509 1402 2572 etiam
1448 2506 1910 2589 Wielandium,
1978 2509 2085 2571 cui
2152 2508 2269 2570 uni
2335 2513 2548 2573 tamen

465 2613 552 2697 (II
593 2635 656 2699 p.
693 2614 819 2680 357
854 2618 1007 2698 etp.
1043 2613 1192 2694 360)
1238 2613 1647 2697 repetitiones
1689 2612 1837 2676 illae
1881 2614 2110 2697 partim
2154 2614 2224 2676 in
2269 2620 2545 2678 mentem

459 2720 806 2785 redierunt.
877 2721 966 2783 At
1009 2719 1132 2782 hoc
1178 2718 1439 2803 quidem
1471 2722 1920 2801 argumentum
1955 2737 2085 2781 non
2119 2719 2261 2783 dico
2292 2719 2548 2783 nullum

462 2844 623 2907 esse,
689 2826 809 2889 hoc
877 2825 1020 2889 dico
1079 2825 1210 2886 vim
1271 2822 1503 2888 habere
1571 2823 1758 2907 plane
1819 2824 2216 2887 contrariam.
2331 2822 2548 2900 Quum

462 2931 634 2994 enim
679 2929 1009 2994 Lucianus
1053 2931 1230 2993 hisce
1273 2928 1764 3011 repetitionibus
1810 2926 2055 3010 ubique
2100 2937 2335 3008 utatur,
2381 2936 2547 2994 certe

459 3033 521 3098 N
523 3037 991 3116 ecyomantiam
1037 3035 1243 3118 ipsius
1272 3030 1545 3095 Luciani
1591 3051 1730 3095 esse
1760 3032 1952 3096 etiam
1984 3051 2067 3096 ex
2113 3052 2187 3097 eo
2234 3035 2545 3117 sequitur,

463 3139 639 3221 quod
696 3139 776 3202 ab
821 3138 1290 3220 Necyomantia
1345 3141 1691 3220 perpetuae
1748 3136 1894 3200 illae
1946 3138 2355 3221 repetitiones
2414 3157 2544 3201 non

462 3242 715 3307 absunt.
815 3242 962 3306 Hoc
1017 3261 1191 3305 unus
1248 3261 1323 3305 ac
1379 3247 1627 3325 praeter
1681 3247 1959 3306 caeteros
2016 3241 2546 3308 Hemsterhusius

461 3350 697 3413 eximie
755 3348 936 3430 vidit,
999 3348 1112 3431 qui
1166 3348 1256 3411 ita
1316 3348 1639 3431 scripserit
1693 3346 1774 3410 ad
1821 3366 1874 3411 0.
1921 3349 1962 3413 2
2008 3347 2151 3412 fin.:
2214 3348 2545 3431 ,similiter,

461 3458 545 3517 ut
601 3451 1049 3517 Lucianum
1112 3471 1549 3535 agnoscas,
1609 3452 1681 3514 in
1738 3452 1897 3516 Tim.
1949 3454 1985 3535 ξ
2039 3453 2134 3519 13‘
2193 3458 2256 3517 et
2312 3458 2386 3517 ut
2430 3452 2546 3519 So-

460 3558 592 3622 lani
648 3559 1015 3642 opinionem
1073 3538 1152 3620 de
1206 3558 1507 3640 scriptore
1552 3555 2051 3638 Necyomantiae
2104 3558 2322 3640 ignoto
2375 3558 2546 3623 refu-

459 3668 640 3744 taret,
695 3662 908 3747 plures
967 3662 1159 3726 etiam
1214 3662 1622 3745 repetitiones
1681 3664 2076 3744 memoravit,
2132 3668 2207 3744 ut
2262 3663 2344 3725 ad
2400 3682 2453 3725 c.
2502 3664 2543 3728 3

459 3767 633 3831 init:
712 3767 956 3848 ,iisdem
1016 3784 1218 3850 paene
1277 3765 1490 3829 verbis
1548 3765 1856 3850 leguntur
1913 3768 1982 3830 in
2044 3765 2308 3830 Charon.
2357 3786 2409 3830 c.
2459 3768 2542 3831 2‘.

464 3869 642 3947 Quae
711 3891 914 3955 quum
980 3873 1070 3935 ita
1136 3872 1287 3952 sint,
1355 3871 1517 3934 nihil
1575 3872 1811 3954 certius
1867 3889 2006 3935 esse
2065 3877 2291 3955 potest,
2349 3891 2546 3955 quam

460 3974 991 4057 Necyomantiam
1036 3976 1114 4040 ab
1161 3977 1300 4060 ipso
1345 3976 1691 4059 profectam
1748 3993 1888 4038 esse
1939 3973 2244 4039 Luciano
2339 3973 2545 4051 Quem

459 4068 698 4145 librum
745 4083 859 4165 qui
903 4081 1046 4144 aliis
1090 4080 1370 4144 tribuere
1415 4081 1560 4144 ausi
1605 4084 1760 4144 sunt
1805 4078 2093 4162 SolanuS,
2137 4078 2543 4144 Wielandius
2647 4125 2652 4129 -

462 4190 525 4249 et
567 4184 981 4250 Lehmannus
1041 4204 1173 4249 non
1233 4185 1422 4249 modo
1479 4204 1611 4248 non
1671 4184 1739 4248 id
1803 4184 1974 4268 quod
2017 4185 2144 4268 ipsi
2189 4183 2542 4266 voluerant,

463 4290 575 4355 sed
620 4291 1007 4354 contrarium
1053 4290 1157 4354 vel
1213 4290 1403 4354 inviti
1465 4289 1983 4354 demonstrarunt
2040 4293 2103 4352 et
2155 4289 2277 4352 hoc
2334 4308 2539 4352 unum

462 4394 755 4481 exemplo
816 4413 934 4460 suo
997 4394 1374 4477 docuerunt,
1433 4414 1599 4479 quae
1644 4395 1751 4458 via
1802 4395 1874 4458 in
1930 4393 2045 4459 tali
2103 4398 2365 4478 tamque
2423 4393 2543 4456 im·
