3099 5241
486 405 666 462 XCIV
1288 402 1385 461 DE
1437 401 1767 460 NUMERIS

490 577 737 664 στροφὴ
806 582 974 648 inter
1039 601 1106 647 se
1175 580 1500 663 differant,
1566 580 1984 647 Hermannus
2048 583 2116 647 in
2185 579 2567 646 Ε1.’1).“Μ,

485 708 547 773 p.
596 688 723 752 666
768 686 932 752 bene
978 686 1451 767 demonstravit,
1508 687 1629 749 etsi
1682 685 1760 749 ab
1806 687 2028 751 eodem
2077 706 2281 771 quum
2324 685 2572 770 ubique

486 798 627 856 tum
685 793 877 857 etiam
931 791 1039 856 illo
1093 790 1234 855 loco
1294 787 1590 872 περίοδοι
1647 792 1812 856 male
1868 792 2140 855 omissae
2184 796 2354 855 sunt.
2447 789 2573 856 Sed

484 901 826 981 postquam
902 882 1347 977 rhythmorum
1427 895 1657 958 notitia
1723 896 1858 978 jam
1924 914 2126 980 paene
2192 895 2426 974 abolita
2492 894 2572 959 ad

485 1000 678 1086 pedes
744 1019 915 1065 mere
980 1000 1276 1064 metricos
1340 1018 1442 1064 res
1516 999 1739 1082 rediit,
1819 1005 1958 1064 tum
2027 1018 2177 1064 vero
2246 1001 2342 1080 (ut
2408 999 2573 1064 bene

488 1105 706 1170 Cicero
762 1106 833 1169 in
880 1103 1141 1169 Oratore
1196 1122 1249 1167 c.
1297 1103 1408 1189 66)
1469 1103 1799 1169 dicebatur
1862 1104 2051 1188 plena
2095 1104 2572 1188 comprehensio

488 1210 570 1290 (h.
618 1229 673 1273 e.
721 1208 1038 1273 Isocratea
1098 1207 1377 1289 demum)
1436 1227 1520 1272 ex
1578 1227 1651 1272 eo
1709 1214 2019 1291 constare,
2078 1208 2254 1292 quod
2299 1215 2574 1292 quatuor

485 1314 688 1378 instar
747 1314 830 1377 sit
886 1312 1418 1382 hexametrorum.
1507 1313 1715 1397 Atqui
1758 1312 2074 1396 plurimae
2120 1313 2414 1396 strophae
2461 1319 2574 1376 aut

488 1437 690 1501 aeque
746 1417 974 1501 longae
1030 1422 1183 1483 sunt
1239 1421 1352 1482 aut
1415 1417 1606 1482 etiam
1662 1417 2004 1500 longiores.
2098 1416 2391 1482 Ceterum
2435 1416 2573 1483 fieri

487 1523 711 1607 potuit,
755 1527 830 1586 ut
872 1523 1082 1605 prima
1124 1522 1324 1586 forma
1369 1520 1612 1604 periodi
1646 1519 1724 1583 ab
1755 1521 1974 1602 lyricis
2005 1527 2354 1605 peteretur:
2402 1526 2572 1586 recte

488 1627 656 1692 enim
718 1626 1092 1690 Aristoteles
1158 1626 1227 1689 in
1291 1623 1545 1691 Rhetor.
1605 1623 1726 1707 III,
1787 1625 1827 1689 9
1894 1626 2234 1709 periodum
2300 1625 2573 1690 similem

487 1750 627 1796 esse
664 1730 910 1813 judicat
951 1730 1296 1810 lyricorum
1342 1729 1772 1813 antistrophis.
1865 1730 2060 1794 Porro
2097 1732 2328 1795 musici
2359 1731 2571 1815 graeci

488 1854 676 1919 saepe
732 1833 1120 1899 adhibebant
1181 1841 1483 1919 ,tempora
1539 1834 1776 1897 inania‘
1841 1834 2280 1918 compluribus
2341 1835 2568 1917 medie,

487 1944 562 2004 ut
627 1958 664 2003 θ
728 1937 1103 2002 nominibus
1177 1924 1458 2021 hausta,
1546 1933 1942 2018 πρόσθεσις,
2033 1935 2267 2020 σιωπὴ,
2313 1935 2572 2024 ,χρόνοι

492 2047 772 2123 σιωπῆς,
854 2036 1074 2128 χρόνοι
1140 2040 1315 2105 κενοί
1380 2042 1672 2125 adparet,
1754 2062 1918 2126 quae
1986 2063 2022 2106 a
2086 2042 2409 2108 Boeckhio
2475 2042 2572 2108 De

489 2145 709 2211 Mettis
776 2146 1040 2210 Pindari
1105 2167 1167 2231 p.
1220 2147 1496 2228 74-77,
1565 2145 1940 2210 Hermanno
2006 2148 2073 2210 in
2136 2146 2305 2232 Epit.
2357 2145 2433 2211 D.
2483 2146 2568 2211 M.

486 2271 549 2336 p.
601 2252 682 2317 18
752 2256 815 2315 et
870 2271 933 2335 p.
982 2251 1111 2316 255
1169 2251 1265 2315 ed.
1316 2270 1459 2333 sec.,
1528 2250 1802 2315 Christio
1870 2252 1940 2315 in
1997 2252 2041 2314 1.
2089 2250 2322 2317 Metrik
2380 2272 2439 2336 p.
2487 2252 2571 2318 36

489 2355 760 2439 aliisque
827 2355 1143 2440 explicata
1209 2360 1380 2418 sunt.
1481 2353 1627 2418 Hac
1696 2374 1955 2438 quoque
2020 2375 2120 2437 re,
2191 2375 2356 2440 quae
2422 2375 2572 2421 cum

490 2465 820 2542 commate,
888 2460 1026 2523 colo
1068 2465 1148 2524 'et
1204 2459 1467 2544 periodo
1521 2461 1880 2523 necessario
1926 2460 2238 2542 cohaeret,
2301 2460 2572 2542 Thrasy-

488 2563 755 2629 machus
801 2584 960 2632 usus
1005 2583 1144 2628 esse
1187 2564 1442 2631 videtur
1486 2563 1567 2628 ad
1600 2564 1948 2628 sententias
1979 2583 2331 2650 earumque
2360 2571 2571 2650 partes

486 2675 656 2734 recte
709 2669 1273 2753 interpungendas.
1369 2667 1578 2745 Quare
1638 2688 1770 2736 non
1830 2689 2037 2734 unum
2099 2669 2316 2735 librari
2376 2673 2576 2735 inter-.

491 2772 756 2838 ductum
803 2773 915 2837 sed
959 2772 1174 2857 plures
1217 2778 1400 2837 notas
1447 2778 1762 2838 certorum
1802 2779 2162 2858 temporum
2190 2775 2568 2840 introduxit.

489 2876 656 2945 Nam
701 2884 775 2942 ut
821 2878 973 2941 olim
1020 2877 1099 2941 ab
1143 2877 1364 2958 lyricis
1408 2879 1634 2960 poetiS,
1693 2879 1783 2942 ita
1838 2879 2028 2942 etiam
2086 2899 2123 2942 a
2179 2880 2402 2963 primis
2442 2881 2572 2963 jam

490 2979 590 3066 (ut
632 2982 910 3069 videtur)
967 2981 1326 3047 rhetoribus
1383 2982 1571 3046 aliud
1619 2982 1948 3048 sil-entium
1989 2984 2204 3048 ⁴unius
2248 2984 2570 3068 temporie,

490 3086 667 3175 aliud
752 3087 1061 3169 duorum,
1152 3092 1610 3171 quaternorum
1693 3086 1872 3151 aliud
1958 3095 2099 3152 esse
2172 3086 2567 3152 censebatur.

490 3190 677 3256 Videv
722 3191 1001 3275 exempli
1066 3209 1273 3255 causa·
1326 3209 1421 3273 ea,
1491 3210 1657 3275 quae
1715 3190 1998 3256 Nicanor
2066 3192 2306 3276 aliique
2364 3212 2572 3278 gram-

489 3296 706 3360 matici
786 3315 917 3359 non
987 3296 1120 3375 jam
1198 3294 1278 3359 ab
1354 3296 1512 3379 ipsis
1588 3296 1793 3380 poetis
1881 3295 1992 3359 sed
2063 3295 2141 3359 ab
2207 3296 2574 3362 rhetoribus

492 3398 752 3468 demum
812 3404 1207 3483 acceperant,
1268 3399 1584 3464 scholium
1629 3399 1863 3466 Veneti
1921 3401 2152 3483 prioris
2212 3401 2291 3465 ad
2336 3401 2421 3466 «Π.
2466 3398 2564 3485 β’,

493 3504 618 3572 132
682 3502 761 3567 de
819 3503 1386 3568 subdistinctione:
1445 3539 1534 3551 -—-
1591 3506 1823 3568 θετέον
1883 3503 2008 3586 τήν
2068 3502 2202 3568 ἅνω
2266 3504 2574 3587 δευτέραν

492 3602 797 3694 στιγμήν,
847 3606 988 3688 ἥτις
1032 3612 1147 3670 ἕνα
1192 3604 1428 3692 χρόνον
1461 3605 1735 3672 demvm
1770 3615 2039 3689 σιωπῆς,
2092 3609 2174 3673 ad
2202 3610 2286 3674 «Π.
2317 3606 2379 3694 ,θ’
2396 3660 2412 3684 ,
2449 3610 2569 3676 52:

490 3711 597 3778 ἐπὶ
639 3708 716 3775 τὸ
761 3707 1148 3793 ,κὴρυσσονε
1194 3708 1326 3775 ἅνω
1374 3708 1598 3795 πρώτη
1649 3709 1912 3799 στιγμή,
1962 3713 2105 3793 ἥτις
2145 3710 2263 3778 δύο
2300 3709 2573 3778 δύναται

488 3812 760 3903 χρόνους
808 3822 1077 3898 σιωπῆς,
1127 3817 1210 3881 ad
1254 3815 1338 3880 «Π.
1383 3812 1482 3901 β’,
1534 3818 1651 3883 23:
1720 3817 1928 3882 «τελεία
1994 3815 2229 3905 στιγμὴ
2288 3815 2450 3882 κατὰ
2496 3814 2573 3883 τὸ

488 3921 669 3993 τέλος
713 3957 818 3984 ——-.
912 3922 1231 4005 τέσσαρας
1293 3918 1354 3983 δ”
1408 3921 1574 4002 αὕιη
1631 3917 1902 4005 χρόνους
1965 3930 2211 4004 σιωπῆς
2269 3919 2565 3987 δύναται.

491 4025 747 4092 Accede
792 4025 873 4090 ad
920 4025 1190 4111 Gorgiae
1235 4025 1515 4108 delicias,
1573 4025 1653 4089 ad
1707 4028 1886 4110 paria
1939 4027 2206 4112 paribus
2251 4028 2573 4111 adjuncta,

491 4134 776 4195 extrema
843 4132 980 4214 pari
1047 4150 1203 4195 sono
1261 4130 1600 4195 terminata
1659 4137 1722 4193 et
1775 4132 1925 4196 item
1990 4134 2322 4197 contrariis
2378 4134 2574 4198 relata

492 4234 839 4298 contraria:
903 4255 1068 4317 quae
1125 4234 1593 4319 quodammodo
1636 4255 1750 4319 pro
1797 4237 2014 4321 aliqua
2055 4243 2234 4321 parte
2276 4256 2573 4304 numero-

489 4356 637 4408 tum
689 4338 975 4422 ipsorum
1035 4338 1256 4403 haberi
1314 4344 1603 4422 possunt.
1696 4338 1864 4404 Nam
1917 4340 2141 4405 multis
2185 4361 2373 4426 saepe
2417 4342 2572 4407 locis
