3099 5241
567 331 666 388 XL
1336 330 1881 390 PROLEGOMENA

570 525 624 571 c.
651 506 736 571 70
756 508 929 572 recte
949 506 1322 589 scripserat:
1367 501 1810 592 ,Ἀλκιβιάδην
1854 542 1935 552 —-
1983 505 2178 590 ἐφίλει
2210 501 2637 591 apocopae,

570 610 691 677 hoc
732 610 847 676 ille
887 611 1080 694 plane
1123 611 1401 676 mutavit
1442 613 1727 694 mireque
1771 611 1954 676 finxit
1998 612 2195 677 etiam
2249 611 2329 676 ab
2375 611 2641 676 Timone

570 714 974 780 Alcibiadem
1016 716 1403 798 nequissime
1447 719 1737 782 amatum
1781 735 1935 782 esse.
2024 720 2095 781 at
2161 716 2331 782 enim
2372 716 2642 782 Libanio

571 818 789 884 obstat
831 819 1119 886 Timonis
1164 821 1398 886 odium-
1423 822 1705 886 virorum
1724 820 2073 904 (Aristoplr
2095 821 2359 903 Lysistr.
2380 840 2441 886 V.
2464 821 2642 904 819),

571 923 785 989 obstat
829 923 1119 1008 eJusdem
1163 943 1342 990 amor
1384 925 1732 990 mulierum
1775 925 2129 1008 (Aristoplr
2174 923 2325 992 ibid
2368 945 2425 991 v.
2463 923 2642 1009 820),

572 1029 843 1111 denique
923 1029 1183 1095 obstant
1265 1030 1552 1096 Timonis
1634 1047 1881 1095 amores
1946 1030 2289 1095 meretricii
2351 1029 2644 1114 (Lucian.

571 1133 840 1198 Timone
884 1133 1095 1217 §12):
1141 1138 1217 1200 ut
1253 1135 1392 1219 jam
1437 1136 1596 1200 satis
1641 1137 1887 1200 certum
1924 1135 2011 1199 sit
2032 1152 2071 1198 a
2091 1134 2378 1200 mascula
2399 1134 2644 1199 Venere

575 1238 909 1304 Timonem
972 1239 1226 1321 penitus
1299 1239 1703 1305 abstinuisse.
1815 1239 1968 1322 quid
2048 1239 2246 1322 igitur
2319 1238 2649 1304 adtinebat

572 1360 805 1408 novam
870 1343 1125 1409 Timeni
1188 1344 1567 1428 adspergere
1631 1344 1968 1410 infamiam
2033 1343 2298 1427 ejusque
2380 1343 2646 1411 crimina

574 1446 838 1512 erimine
898 1465 1132 1532 augere
1190 1467 1386 1530 quum
1444 1447 1775 1512 ementitio
1819 1449 1960 1512 tum
2001 1465 2117 1529 per
2168 1465 2236 1511 se
2279 1449 2415 1512 tam
2458 1446 2646 1512 foedo

575 1554 766 1632 atque
824 1552 982 1617 adeo
1041 1552 1164 1617 hoe
1205 1551 1611 1617 mendacium
1654 1552 1722 1616 in
1764 1551 1961 1635 longa
2005 1551 2466 1618 declamatione
2510 1554 2647 1616 tam

574 1655 799 1719 multis
856 1655 1067 1720 verbis
1122 1656 1378 1738 exsequi
1394 1659 1429 1720 P
1517 1673 1715 1738 quare
1770 1656 2101 1736 Libanius‚
2158 1675 2348 1739 quem
2407 1655 2648 1738 alioqui

574 1758 893 1824 rhetorem
949 1760 1215 1825 minime
1271 1763 1628 1839 contemno,
1693 1760 1799 1826 hie
1857 1763 2074 1826 tamen
2130 1779 2337 1826 meras
2395 1760 2648 1844 excogi-

573 1863 740 1928 tavit
805 1881 1010 1948 nugas
1076 1865 1464 1947 mallemque
1532 1868 1751 1931 mutus
1818 1865 2050 1931 fuisset
2112 1883 2306 1947 quam
2364 1864 2524 1930 talia
2569 1864 2646 1929 de

579 1967 843 2032 Timone
885 1985 1168 2050 unquam
1211 1969 1499 2034 elocutus
1546 1973 1734 2035 esset.
1824 1971 1934 2052 qui
1991 1971 2049 2035 si
2090 1971 2404 2035 comicum
2457 1986 2648 2052 argu-

577 2074 866 2137 mentum
909 2073 1241 2155 quaesivit‚
1302 2074 1482 2139 salva
1528 2077 1888 2157 temporum
1931 2076 2177 2140 ratione
2220 2077 2369 2160 apte
2414 2073 2651 2157 eligere

577 2176 756 2242 verbi
800 2195 993 2243 causa
1035 2177 1171 2243 hoc.
1196 2179 1439 2261 potuit:
1497 2176 1729 2262 Τίμων
1775 2181 1939 2263 ἐρῶν
1974 2176 2344 2252 Ἀσπασίας
2390 2201 2503 2256 -;
2550 2179 2650 2243 sin

512 2272 516 2276 ’
578 2281 820 2364 tragice
887 2281 1247 2347 declamare
1303 2283 1555 2361 maluit,
1624 2285 1938 2368 corrigere
1983 2284 2146 2349 illud
2187 2283 2415 2367 potuit,
2481 2283 2647 2366 quod

576 2383 668 2450 IV
709 2404 768 2466 p.
817 2385 986 2451 1096
1028 2386 1453 2484 minusnrecte
1499 2392 1896 2454 commentus
1943 2391 2075 2454 est:
2119 2386 2303 2461 τίνας
2348 2384 2433 2451 ἂν
2474 2387 2651 2451 εἴποι
2751 2437 2759 2443 .

583 2483 816 2575 λόγους
880 2486 1185 2577 εὐνοῦχος
1247 2493 1450 2574 ἐρῶνς
1516 2496 1582 2557 et
1651 2494 1964 2577 corrigere
2032 2493 2099 2557 in
2159 2511 2305 2558 eum
2369 2491 2652 2570 modum,

581 2611 772 2676 quem
815 2593 1313 2660 Fortunatianus
1357 2595 1427 2661 in
1469 2596 1725 2663 Rhetor.
1748 2597 1893 2663 Lat.
1914 2597 2068 2663 Min.
2113 2615 2170 2679 p.
2194 2597 2281 2663 96
2317 2596 2410 2663 ed
2432 2596 2650 2663 Halm.

579 2698 882 2780 praeivit:
927 2699 1274 2777 ‚eunuchus
1319 2705 1514 2780 amat,
1559 2702 1769 2767 reddit
1812 2720 2037 2768 causas
2059 2702 2456 2767 voluntariae
2479 2720 2651 2766 mor-

580 2803 704 2869 tis‘.
794 2821 944 2867 nam
998 2804 1064 2867 id
1120 2807 1291 2869 certe
1343 2809 1631 2887 praestat
1684 2805 1940 2871 Libanii
2008 2807 2281 2872 invento.
2370 2808 2653 2871 ceterum
2730 2812 2737 2818 '

583 2906 1110 2974 declamationem
1168 2908 1393 2975 istam:
1462 2907 1693 2993 Τίμων
1748 2913 1911 2993 ἐρῶν
1959 2906 2373 2995 Ἀλκιβιάδου
2416 2905 2651 2973 ἑαυτὸν

580 3011 1037 3098 προσαγγέλλει
1102 3031 1303 3094 nuper
1367 3014 1587 3097 tetigit
1639 3011 1907 3078 Binder:
1974 3014 2186 3079 Ueber
2242 3014 2473 3079 Timon
2531 3014 2652 3079 den

581 3115 1062 3198 Misanthropen
1105 3117 1384 3201 (Ulmae‚
1430 3116 1629 3200 1856)
1673 3137 1735 3199 p.
1785 3118 1866 3183 13
1912 3138 2003 3200 sq.
2064 3119 2173 3201 qui
2229 3118 2489 3183 tametsi
2543 3137 2650 3183 ex-

450 3267 455 3271 .
585 3237 807 3284 eusare
863 3220 1189 3287 rhetorem
1242 3224 1426 3286 acute
1485 3224 1750 3287 conatus
1810 3226 1929 3301 est,
1986 3225 2203 3287 tamen
2269 3223 2360 3287 sic
2406 3240 2651 3305 quoque

584 3321 927 3388 Libanium
947 3326 1147 3394 sensit
1190 3325 1294 3413 hie
1338 3326 1593 3408 quidem
1639 3326 1707 3391 in
1749 3327 1989 3392 multas
2026 3344 2416 3411 magnasque
2436 3344 2650 3407 repre-

583 3427 921 3494 hensiones
963 3428 1319 3496 incurrisse.
1410 3430 1519 3494 sed
1567 3431 1735 3513 quod
1779 3431 1859 3496 ad
1881 3431 2148 3495 Luciani
2190 3430 2516 3514 dialogum
2537 3429 2653 3494 ad-

585 3532 770 3611 tinet,
840 3533 917 3598 de
984 3551 1108 3615 quo
1153 3533 1392 3599 Binder
1456 3553 1518 3616 p.
1568 3536 1653 3599 14
1701 3553 1840 3617 sqq.
1904 3534 2206 3617 loquitur,
2272 3534 2513 3615 primus
2579 3551 2654 3598 ac

591 3636 766 3704 solus
820 3636 1059 3703 Binder
1109 3657 1169 3721 p.
1227 3637 1311 3703 15
1371 3638 1756 3722 excogitavit
1814 3656 1895 3703 ne
1951 3638 2109 3704 haec
2163 3639 2417 3721 quidem
2459 3636 2654 3702 verba

589 3742 655 3804 in
714 3741 980 3807 Timone
1044 3741 1088 3826 ἓ
1148 3742 1208 3821 7,
1273 3741 1312 3824 ἓ
1370 3742 1474 3807 44·
1519 3746 1585 3807 et
1649 3741 1686 3823 ᾖ
1730 3740 1849 3808 50:
1931 3739 2163 3824 Τίμων
2207 3736 2656 3827 Ἐχεκρατίδου

591 3840 965 3918 Κολλυτεύς
1005 3845 1199 3912 fidem
1241 3847 1490 3925 mereri,
1535 3846 1603 3910 in
1646 3846 1877 3928 quibus
1921 3846 2130 3912 verbis
2174 3845 2475 3910 historiae
2496 3843 2654 3909 fides

591 3950 782 4030 plane
838 3954 1090 4017 servata
1147 3954 1249 4016 est
1262 3950 1343 4035 ²²²).
1431 3951 1689 4016 omnino
1734 3953 1951 4016 autem
1992 3949 2230 4016 Binder
2271 3949 2370 4013 uti
2414 3946 2653 4014 Shake-

796 4192 842 4260 ²⁸)
877 4193 1120 4250 Nescivit
1170 4183 1394 4249 Binder'
1422 4194 1488 4249 ab
1523 4194 1847 4264 Alciphrone
1900 4193 1960 4247 in
2008 4191 2184 4262 Epist.
2238 4190 2342 4257 ΠΙ,
2394 4193 2465 4247 34
2516 4191 2573 4245 et
2623 4206 2656 4243 a

595 4282 782 4337 Tzetze
815 4282 876 4336 in
908 4281 1050 4339 Chil.
1085 4281 1211 4348 vn,
1249 4283 1351 4340 129
1389 4280 1456 4351 (v.
1493 4280 1544 4351 1)
1579 4281 1719 4338 idem
1753 4279 2010 4335 traditum
2045 4295 2180 4335 esse.
