3099 5241
543 414 762 471 LXXX
1388 415 1484 471 DE
1537 414 1773 471 LIBRIS

545 591 856 656 divitibus
899 592 1141 658 Romae
1203 593 1505 674 serviant,
1564 593 1822 676 gemina
1879 592 2179 657 honestae
2233 593 2627 677 paupertatis

548 697 855 780 laudatio,
925 717 1090 781 quae
1148 696 1361 761 Croesi
1417 698 1734 761 thesauris
1788 698 2155 781 praefertur,
2211 697 2491 781 denique
2545 698 2630 760 si-

545 802 721 866 milia
788 807 942 867 sunt
1009 803 1242 865 omnia.
1337 801 1546 877 Quare
1602 801 1929 865 Lucianus
1987 806 2099 865 aut
2153 807 2456 865 neutrum
2516 805 2627 864 aut

544 905 834 970 libellum
917 908 1169 991 scripsit
1235 911 1605 991 utrumque.
1636 906 1691 985 *)
1796 905 2066 971 Prorsus
2146 907 2415 970 eandem
2493 924 2628 970 rem

543 1011 668 1075 alio
735 1011 926 1075 modo
982 1013 1172 1076 etiam
1229 1011 1569 1075 Juvenalis
1627 1015 1689 1074 et
1745 1012 1811 1074 in
1878 1012 2106 1095 quinta
2165 1016 2381 1075 satura
2425 1016 2503 1093 ¹et
2555 1011 2626 1073 in

544 1116 725 1180 tertia
780 1114 882 1179 bis
936 1117 1258 1197 tractavit,
1327 1135 1489 1199 quas
1548 1114 1767 1178 ambas
1826 1114 1905 1177 ab
1967 1115 2185 1179 eodem
2244 1120 2433 1197 poeta
2486 1135 2628 1199 pro·

541 1221 738 1285 sectas
784 1239 923 1284 esse
966 1240 1227 1284 necesse
1273 1226 1385 1284 est.
1477 1219 1593 1284 Sin
1641 1228 1853 1283 autem
1887 1221 2035 1303 quis
2068 1220 2320 1300 dixerit,
2366 1220 2626 1284 alteram

542 1325 585 1388 J
590 1324 849 1390 uvenali
903 1324 1358 1388 vindicandam
1412 1343 1552 1389 esse
1619 1323 1876 1387 alteram
1944 1323 2067 1386 alio
2126 1324 2628 1388 transferendam

543 1429 723 1494 verbi
779 1448 973 1493 causa
1028 1429 1096 1491 in
1156 1427 1463 1510 Turnum,
1528 1430 1586 1492 is
1642 1429 1709 1491 in
1770 1428 1991 1492 eodem
2051 1428 2186 1492 luto
2242 1429 2524 1493 haerebit
2567 1435 2628 1494 et

545 1533 624 1597 ab
677 1534 984 1598 Juvenali
1050 1534 1190 1616 ipso
1258 1532 1592 1597 refelletur.
1701 1531 1949 1608 Quodsi
2015 1532 2346 1598 Bekkerus
2413 1540 2629 1598 nosset

544 1636 943 1719 Lucianum,
1020 1637 1203 1701 facile
1281 1637 1834 1702 animadvertisset
1907 1638 1977 1701 in
2044 1636 2316 1721 Nigrino
2384 1638 2628 1723 ubique

547 1743 893 1807 dictionem
939 1761 1077 1807 esse
1121 1760 1380 1825 prorsus
1409 1741 1823 1824 Lucianeam,
1871 1742 1937 1805 id
1982 1742 2153 1826 quod
2186 1741 2288 1805 vel
2333 1744 2627 1826 egregius

545 1848 654 1912 ille
732 1846 1179 1911 Hemsterhusi
1270 1845 1520 1910 docebit
1602 1849 2114 1910 commentarius,
2242 1844 2627 1930 Quanquam

544 1952 761 2035 magni
808 1950 1029 2014 Batavi
1092 1952 1306 2034 copias
1361 1951 1757 2014 multimodis
1812 1950 1961 2015 licet
2006 1970 2240 2034 augere
2286 1958 2359 2014 ut
2404 1952 2627 2036 primis

545 2057 760 2120 statim
804 2057 1000 2119 totius
1044 2054 1192 2117 libri
1236 2054 1480 2119 verbis:
1534 2051 1934 2125 ,Λουκιανὸς
1962 2055 2250 2139 Νιγρίνῳ
2300 2048 2371 2116 εὖ
2419 2053 2629 2137 πράμ-

546 2168 707 2222 τειν(
793 2158 953 2223 bene
1034 2160 1544 2242 interpretandis.
1658 2158 1980 2223 Nimirum
2063 2166 2125 2224 et
2186 2159 2501 2243 Nigrinus
2568 2165 2631 2224 et

546 2265 874 2328 etiamtum
933 2261 1262 2327 Lucianus
1332 2269 1514 2327 erant
1572 2262 1906 2345 Platonici,
1977 2283 2253 2347 quorum
2318 2266 2626 2329 usitatum

546 2389 621 2432 ac
685 2388 882 2452 prope
951 2376 1250 2432 constans
1318 2368 1640 2432 salutandi
1707 2387 1915 2451 genus
1981 2367 2105 2431 fuit
2166 2360 2233 2430 εὖ
2291 2365 2621 2451 πράττειν.

548 2472 734 2549 Quod
781 2473 1040 2557 quidem
1089 2494 1291 2558 quum
1338 2474 1598 2537 aliunde
1646 2480 1786 2537 tum
1842 2491 1925 2536 ex
1968 2473 2108 2556 ipso
2154 2470 2439 2536 Luciano
2485 2473 2626 2537 Vol.

544 2577 644 2642 III
703 2598 760 2662 p.
807 2578 938 2643 325
1004 2585 1067 2643 et
1131 2579 1425 2663 inprimis
1472 2577 1612 2642 Vol.
1662 2577 1695 2641 I
1751 2597 1815 2662 p.
1865 2578 1991 2643 728
2060 2577 2156 2642 ed.
2204 2575 2403 2642 Reitz.
2465 2578 2628 2643 clare

547 2684 822 2768 intelligi
878 2689 1101 2767 potest.
1193 2683 1277 2747 Et
1330 2685 1451 2747 hoc
1508 2684 1769 2766 quidem
1815 2703 1945 2746 non
1990 2682 2157 2766 fugit
2198 2681 2628 2765 Bernaysium

546 2791 636 2869 (in
694 2789 734 2851 l.
792 2786 1038 2851 Lucian
1097 2788 1233 2850 und
1291 2787 1392 2852 die
1436 2787 1729 2869 Kyniker
1781 2808 1842 2871 p.
1893 2788 1974 2853 88
2024 2788 2164 2871 sq.),
2234 2788 2346 2870 qui
2402 2788 2630 2853 vellem

546 2887 607 2976 p.
656 2893 738 2958 89
799 2891 1070 2956 Bekkeri
1131 2893 1323 2975 nugis
1377 2893 1569 2976 plane
1624 2892 2055 2956 abstinuisset.
2159 2890 2388 2975 Neque
2454 2893 2627 2955 enim

547 3016 705 3060 sano
750 2996 996 3060 homini
1042 2996 1332 3060 dubitare
1375 2996 1543 3079 licet,
1606 2998 1763 3080 quin
1817 2995 2162 3080 ,Nigrinus‘
2215 2995 2504 3079 dialogus
2550 2995 2628 3060 ab

545 3099 831 3164 Luciano
897 3102 1036 3185 ipso
1104 3103 1493 3186 compositus
1563 3102 1662 3165 sit.
1779 3100 2073 3165 Ceterum
2139 3099 2436 3182 fuerunt,
2518 3102 2631 3184 qui

545 3206 720 3269 hunc
777 3205 1014 3269 librum
1072 3206 1220 3290 plus
1267 3207 1443 3288 justo
1504 3204 1962 3269 conlaudarent
2011 3210 2082 3270 et
2139 3205 2629 3290 admirarentur,

551 3330 710 3394 quos
755 3310 918 3373 male
963 3312 1257 3394 sequitur
1303 3309 1740 3374 Groddeckius
1782 3312 1852 3373 in
1896 3309 2061 3374 Hist.
2107 3330 2311 3393 graec.
2358 3312 2467 3376 lite
2505 3361 2517 3373 .
2600 3308 2629 3372 Ι

464 3421 471 3430 ’
545 3435 607 3499 p.
658 3415 803 3497 155,
859 3413 1004 3479 ubi:
1077 3415 1370 3498 ,plurima
1429 3413 1702 3478 Luciani
1758 3417 2008 3499 scripta,
2066 3416 2300 3499 inquit,
2360 3422 2674 3502 aetatenr*

547 3519 769 3600 tulere,
825 3520 898 3582 in
957 3518 1201 3602 quibus
1255 3521 1598 3602 praecipua
1642 3525 1796 3584 sunt
1840 3519 2290 3602 Somnium,
2346 3519 2631 3605 Nigri·
2677 3521 2734 3560 ³·-

547 3643 703 3686 nus
749 3625 872 3685 —-‘.
964 3625 1052 3687 At
1101 3625 1361 3707 juvenis
1393 3624 1513 3686 viri
1561 3643 1724 3707 opus
1769 3643 1900 3687 non
1949 3624 2169 3689 debuit
2213 3629 2391 3689 tauta
2433 3625 2627 3690 laude
2739 3603 2752 3616 ³

545 3728 873 3814 impertiri.
963 3728 1173 3792 Immo
1205 3733 1268 3793 et
1313 3728 1549 3813 dialogi
1591 3729 1965 3813 compositio
2010 3729 2079 3792 in
2110 3728 2382 3813 Nigrino
2417 3730 2629 3794 adhuc

550 3833 704 3896 satis
758 3837 856 3897 est
909 3852 1131 3918 aspera
1187 3839 1249 3898 et
1298 3835 1450 3898 'vero
1495 3835 1748 3898 numeri
1794 3832 2082 3898 nondum
2130 3831 2292 3899 bene
2336 3835 2631 3919 perpoliti

686 4110 739 4179 *)
789 4110 935 4176 Quae
984 4109 1364 4165 similitudinis
1414 4109 1688 4164 translatio
1736 4111 1821 4164 est
1867 4109 1924 4163 iu
1961 4108 2190 4178 Nigrino
2226 4127 2272 4164 e.
2309 4115 2396 4177 38,
2445 4110 2629 4165 eadem

549 4198 744 4252 iisdem
777 4199 958 4253 verbis
994 4197 1052 4251 in
1087 4196 1450 4265 Philopseude
1488 4213 1532 4250 c.
1572 4202 1644 4255 40
1678 4196 1943 4266 reperitur
1976 4213 2073 4251 nec
2112 4199 2377 4265 praeterea
2423 4198 2482 4250 in
2518 4196 2629 4250 ullo

549 4284 654 4339 alio
701 4284 972 4354 scriptore.
1043 4284 1126 4338 Ita
1172 4284 1221 4337 si
1271 4282 1571 4352 ,Nigrinus‘
1619 4300 1725 4338 non
1772 4286 1856 4338 est
1901 4285 2186 4354 genuinus,
2238 4283 2410 4338 nihilo
2457 4286 2629 4353 magis

548 4371 776 4426 Luciani
813 4388 931 4427 esse
965 4373 1142 4441 potuit
1178 4370 1621 4440 ,Philopseudes‘.
