3099 5241
584 390 677 462 17
681 391 732 462 4
1407 421 1839 473 ΛοτΚιΑΝοτ

575 592 1212 680 προσενηνεγμένον.
1299 593 1405 658 39.
1450 593 1679 660 ΕΡΜ.
1734 589 1890 657 ἀλλά
1920 596 2041 658 νῦν
2063 589 2242 678 ὁρᾷς,
2295 586 2343 656 ὦ
2366 590 2651 672 Πλοῦτε,

440 708 538 763 151
579 692 717 770 οἶος
775 698 817 738 ⁴*
873 694 1002 780 ἤδη
1062 695 1423 783 γεγένηται·
1491 697 1654 763 ὥστε
1697 701 1968 782 θαρρῶν
2012 693 2411 782 ξυνδιάτριβε
2456 694 2651 784 αὐτῷ.

571 800 679 864 καὶ
727 796 802 865 σύ
849 803 979 885 μὲν
1025 798 1271 867 σκάπτε
1316 799 1398 875 ὡς
1445 804 1621 889 ἔχεις,
1677 798 1757 866 σύ
1803 800 1874 865 δὲ
1915 798 2034 865 τὸν
2077 798 2435 885 Θησαυρὸν
2478 797 2655 867 ὑπά-

571 928 731 992 γαγε
773 910 856 993 τῇ
902 902 1145 992 δικέλλῃ
1196 901 1522 993 [βοήσας]
1593 901 2038 970 ὑπακούσεται
2079 901 2203 992 γάρ
2249 901 2658 989 ἐμβοήσαντί

576 1033 700 1075 σοι.
808 1010 1008 1079 ΤΙΜ.
1073 1009 1396 1087 πειστέον,
1449 1004 1496 1074 ὦ
1528 1006 1777 1094 Ἑρμῆ,
1827 1009 1935 1074 καὶ
1980 1004 2179 1082 αὖθις
2223 1010 2647 1094 πλουτητέον.

572 1113 637 1179 τί
676 1109 800 1202 γὰρ
846 1111 931 1180 ἀν
975 1113 1081 1178 καὶ
1114 1110 1333 1179 πάθοι
1367 1137 1486 1191 τις,
1539 1110 1742 1178 ὁπότε
1778 1116 1843 1178 οἱ
1876 1112 2027 1178 θεοὶ
2062 1110 2435 1198 βιάζοιντο,
2479 1109 2655 1197 πλην

577 1219 700 1304 ὅρα
740 1243 837 1307 γε,
887 1221 978 1292 εἰς
1022 1214 1128 1283 οἷά
1159 1242 1249 1303 με
1276 1215 1638 1305 πράγματα
1666 1213 2000 1302 ἐμβάλλεις
2028 1213 2148 1282 τὸν
2172 1214 2648 1301 κακοδαίμονα,

578 1322 650 1397 ὃς
708 1320 852 1409 ἄχρι
903 1327 1027 1388 νῦν
1086 1320 1646 1408 εὐδαιμονέστατα
1708 1317 1944 1408 διάγων
2000 1318 2239 1408 χρυσὸν
2299 1318 2483 1406 ἄφνω
2541 1344 2655 1386 το-

579 1432 814 1493 σοῦτον
860 1423 1161 1513 λήψομαι
1207 1424 1404 1493 οὐδὲν
1447 1424 1761 1510 ἀδικήσας
1803 1426 1910 1490 καὶ
1942 1423 2270 1499 τοσαύτας
2304 1421 2654 1510 φροντίδας

575 1529 996 1616 ἀναδέξομαι.
1090 1533 1197 1611 40.
1256 1532 1483 1598 ΕΡΜ.
1551 1527 1915 1613 ὑπόστηθι,
1968 1526 2014 1595 ὦ
2073 1528 2325 1614 Τίμων,
2376 1527 2462 1594 δι’
2509 1530 2647 1613 ἐμὲ,

573 1634 680 1700 καὶ
747 1637 807 1700 εἰ
867 1623 1149 1723 χαλεπὸν
1207 1640 1402 1701 τοῦτο
1461 1636 1569 1699 καὶ
1626 1633 1743 1700 οὐκ
1804 1630 2028 1701 οἰστόν
2087 1637 2281 1713 ἐστιν,
2356 1633 2534 1706 ὅπως
2590 1635 2653 1697 οἱ

572 1736 834 1813 ικόλακες
899 1743 1129 1805 ἐκεῖνοι
1186 1737 1616 1827 διαρραγῶσιν
1673 1736 1808 1805 ὑπὸ
1867 1744 1984 1805 τοῦ
2046 1734 2339 1823 φθόνου·
2402 1734 2521 1825 ἐγω
2583 1734 2653 1802 δὲ

572 1842 738 1929 ὑπὲρ
837 1839 958 1927 τήν
1046 1845 1311 1927 Αἴτνην
1413 1846 1476 1917 ἐς
1562 1840 1677 1908 τὸν
1770 1839 2060 1927 οὐρανὸν
2150 1837 2645 1927 ἀναπτήσομαι.

575 1946 944 2013 ΠΛΟΥΤ.
1018 1944 1053 2011 ὃ
1112 1949 1241 2032 μὲν
1296 1944 1734 2031 ἀπελήλυθεν,
1801 1945 1885 2022 ὡς
1946 1944 2141 2012 δοκεῖ·
2211 1943 2654 2029 τεκμαίρομαι

572 2048 697 2140 γάρ
758 2056 844 2139 τῇ
911 2050 1148 2138 εἰρεσία
1210 2057 1338 2117 τῶν
1406 2057 1686 2138 πτερῶν·
1760 2049 1835 2118 σύ
1907 2049 1978 2115 δὲ
2045 2047 2251 2115 αὐτοῦ
2316 2047 2647 2133 περίμενε’

575 2153 950 2240 ἀναπέμψω
994 2151 1120 2243 γάρ
1167 2178 1271 2221 σοι
1312 2152 1431 2221 τὸν
1482 2151 1839 2242 Θησαυρὸν
1886 2149 2223 2221 ἀπελθών·
2284 2152 2538 2236 μᾶλλον
2583 2149 2653 2216 δὲ

712 2369 796 2421 39.
872 2361 1008 2417 ἀλλὰ
1045 2364 1163 2433 νῦν]
1205 2361 1313 2417 ἀλλ’
1356 2355 1456 2417 οὖν
1494 2367 1538 2415 Ο
1577 2364 1677 2434 (ita
1708 2363 1792 2433 Ο).
1957 2358 2094 2430 οἷος]
2140 2362 2260 2416 vide
2296 2378 2455 2430 supra
2489 2360 2521 2428 ξ
2558 2363 2651 2416 13:

572 2452 606 2521 ἡ
641 2449 860 2505 δίκελλα
894 2448 1393 2522 πεπαιδαγώγηκεν
1426 2455 1482 2506 et
1516 2451 1548 2519 ξ
1589 2455 1680 2508 18:
1721 2452 2158 2519 σωφρονεστέρῳ
2194 2448 2352 2516 παρὰ
2393 2445 2535 2499 πολὺ
2571 2446 2649 2514 τῷ

577 2542 802 2607 Τίμωνι.
976 2535 1330 2607 ξυνδιάτριβε
1366 2539 1705 2602 ΑΨΩΩΞΡΒ,
1758 2533 2148 2606 ξυνδιατρίβου
2185 2536 2246 2600 L,
2298 2530 2651 2603 συνδιάτριβε

577 2631 640 2679 0.
801 2626 944 2680 inter
989 2625 1056 2699 τῇ
1104 2622 1320 2698 δικέλλῃ
1378 2629 1434 2680 et
1485 2624 1862 2679 ὑπακούσεται
1906 2641 2130 2680 vacuum
2177 2625 2262 2677 est
2307 2620 2537 2691 spatium
2582 2620 2650 2674 li-

573 2714 688 2768 neis
751 2729 841 2767 sex
905 2710 1034 2780 (non
1087 2712 1344 2783 ,septem‘)
1402 2713 1668 2782 expletum
1730 2714 1789 2767 in
1840 2712 1906 2767 A.
1977 2710 2095 2766 hoe*
2147 2709 2380 2780 spatium
2434 2708 2653 2777 ejusque

573 2802 774 2870 puncta
819 2815 911 2853 sex
953 2799 1012 2853 in
1036 2800 1098 2854 ·A
1144 2799 1328 2854 dooere
1376 2799 1655 2865 debebant,
1707 2816 1887 2854 vocem
1928 2796 2191 2868 quandam
2234 2811 2326 2849 sex
2368 2794 2478 2848 fere
2528 2794 2651 2848 lite·

572 2902 750 2940 rarum
794 2886 904 2955 legi
949 2902 1057 2940 non
1100 2887 1341 2956 potuisse
1388 2903 1554 2956 eoque
1600 2886 1849 2940 omissam
1895 2901 2028 2940 esse.
2100 2883 2256 2954 plane
2303 2882 2382 2936 sio
2429 2882 2488 2934 in
2536 2880 2649 2935 ood.

574 2974 747 3028 Vatia.
769 2973 819 3027 R.
853 2976 909 3027 et
941 2973 1001 3026 in
1034 2972 1151 3042 ipso
1187 2973 1403 3042 quidem
1422 2973 1640 3027 Timone
1673 2973 1806 3027 loeis
1842 2974 2045 3042 septem
2066 2969 2222 3024 modo
2254 2985 2361 3022 una
2375 2984 2475 3022 vox
2498 2967 2652 3021 modo

573 3061 755 3130 plures
793 3062 922 3114 sunt
957 3060 1182 3114 omissae
1214 3076 1322 3114 non
1358 3060 1474 3113 sine
1510 3060 1684 3129 spatio
1718 3075 1896 3114 vacuo.
1967 3061 2023 3112 et
2056 3057 2147 3111 hie
2182 3055 2394 3126 quidem
2427 3054 2523 3108 illa
2555 3070 2652 3108 vox

572 3146 680 3200 fuit
726 3162 787 3200 ea
830 3146 962 3216 ipsa,
1015 3163 1170 3215 quam
1218 3147 1297 3201 rei
1352 3146 1901 3200 convenientissimam
1951 3161 2048 3213 ego
2101 3142 2367 3213 supplevi:
2419 3139 2646 3210 βοήσας.

574 3233 755 3287 confer
789 3232 821 3299 ἓ
857 3236 927 3290 30
961 3233 1090 3287 init:
1143 3230 1212 3300 ἢν
1260 3232 1334 3300 μὴ
1388 3230 1595 3305 ἀκούσῃ
1637 3230 1773 3300 ἐμοῦ
1809 3230 2134 3302 βοήσαντος.
2293 3227 2651 3297 ἐμβοήσαντι]

576 3318 908 3388 ἕκβοήσαντι
942 3320 1008 3373 R.
1160 3320 1289 3373 libri
1326 3317 1538 3372 ὁπόταν
1587 3315 1648 3371 οἱ
1676 3321 1809 3372 θεοὶ
1843 3346 1929 3370 —.
2007 3317 2102 3372 Sed
2139 3318 2284 3371 recte
2317 3317 2651 3370 Hermannus

574 3407 643 3461 ad
676 3408 804 3461 Luo.
843 3407 925 3459 De
960 3405 1174 3460 Censor.
1212 3406 1355 3460 Hist.
1391 3424 1443 3476 p.
1482 3408 1548 3461 35
1587 3405 1906 3461 emendavit:
1955 3403 2126 3457 ὁπότε
2166 3399 2225 3456 οἱ
2252 3404 2389 3455 θεοὶ
2421 3430 2490 3440 -
2524 3416 2650 3455 oon-

575 3493 700 3547 latis
749 3491 949 3546 eisdem
992 3492 1147 3561 plane
1193 3492 1367 3546 verbis
1414 3493 1473 3546 in
1509 3493 1750 3547 Oharone
1785 3492 1817 3559 ἓ
1855 3496 1888 3547 2
1923 3493 1980 3546 et
2012 3491 2262 3559 Necyom.
2301 3488 2334 3556 ἓ
2369 3491 2419 3543 3.
2577 3481 2654 3544 εἰς

577 3576 693 3649 οἷα]
734 3576 786 3635 ἐς
822 3574 915 3630 οἷα
950 3578 1016 3633 Α.
1155 3577 1456 3648 πράγματα
1493 3579 1757 3648 om0(ita
1776 3578 1860 3647 Ο).
2005 3573 2293 3646 ἐμβάλλεις
2325 3575 2652 3641 A011192PR,

577 3662 832 3736 ἐμβαλεῖς
863 3667 915 3716 Ω
949 3667 1005 3719 et
1035 3683 1084 3719 v.

711 3755 798 3810 40.
869 3751 1030 3806 verba
1073 3748 1360 3817 ὑπόστηθι
1397 3743 1443 3803 ὦ
1483 3755 1542 3802 T.
1599 3746 1667 3803 δι’
1719 3749 1816 3819 ἐμέ
1862 3768 1892 3805 e
1941 3750 2160 3804 Timone
2204 3747 2378 3803 adfert
2423 3748 2649 3802 Thomas

571 3858 624 3910 p.
644 3843 764 3905 366,
785 3841 868 3895 12.
1011 3835 1199 3891 οἰστόν
1233 3838 1350 3893 edd.
1388 3838 1658 3908 quaedam,
1693 3838 1788 3892 sed
1823 3838 2029 3892 codices
2066 3840 2122 3891 et
2155 3837 2253 3891 abo
2290 3829 2495 3888 οἰστόν.

571 3924 861 3995 περίμενε]
897 3927 1225 3997 περίμεινον
1258 3929 1319 3977 Ο.
1483 3923 1791 3993 ἀναπέμπω
1829 3926 1896 3979 Α.
2044 3920 2311 3976 ἀπελθὼν
2346 3938 2431 3976 om
2448 3922 2511 3975 R.

575 4016 634 4066 σέ
673 4012 836 4083 φημι]
877 4015 971 4065 σοι’
1005 4031 1152 4082 φημι
1186 4011 1250 4067 A.
1393 4012 1520 4066 libri
1552 4010 1802 4080 πάρασχε
1841 4008 2074 4064 σεαυτὸν
2110 4008 2337 4078 (σαυτὸν
2358 4006 2444 4076 0).
2517 4007 2651 4061 bene

573 4100 905 4156 Dindorfius:
940 4097 1219 4168 παράσχες
1256 4097 1488 4151 σεαυτὸν
1521 4127 1608 4151 --.
1751 4113 1937 4154 novem
1970 4098 2131 4152 verba
2166 4094 2371 4149 σκάπτε
2408 4124 2476 4132 -
2512 4091 2648 4146 ὑπο-

576 4186 851 4255 στήσομαι
893 4188 952 4240 in
998 4187 1048 4240 A
1092 4186 1330 4256 loquitur
1373 4183 1681 4253 θησαυρός.
1844 4183 2232 4252 ὑποστήσομαί
2276 4181 2651 4240 ΑΨΩΩςΡΒΧ

574 4274 794 4342 (diserte
828 4270 1030 4340 omnes)
1077 4274 1175 4327 abe
1210 4275 1266 4326 et
1298 4291 1332 4326 v
1377 4289 1494 4327 oum
1532 4272 1733 4326 Thoma
1778 4290 1820 4327 s.
1859 4270 2171 4341 ὑφίσταμαι
2203 4288 2255 4340 p.
2294 4272 2413 4334 367,
2452 4270 2499 4334 1,
2536 4266 2651 4337 (qui

574 4379 604 4417 e
639 4361 858 4416 Timone
891 4359 1090 4415 adfert:
1127 4358 1226 4429 ε’γοὶ
1270 4356 1330 4413 δὲ
1365 4358 1495 4428 ὑμῖν
1529 4357 1959 4427 ὑποστήσομαι),
2002 4355 2421 4424 ὑπεκστήσομαι
2459 4357 2504 4406 0
2541 4352 2649 4422 (so-
