3099 5241
1201 354 1301 410 An
1351 352 1749 411 LUOIANUM.
2057 318 2066 325 ’
2123 406 2134 413 ,
2389 348 2523 409 m

1311 633 1518 717 Caput
1562 632 1647 699 ΙΙ.

1030 758 1139 822 De
1185 757 1533 823 Luciani
1579 756 1929 821 Timone.

648 947 877 1012 Timon
935 947 1344 1017 Atheniensis
1405 948 1708 1031 quamdiu
1765 946 2015 1022 vixerit,
2086 963 2119 1008 e
2166 942 2521 1027 Lysistrata

431 1051 887 1134 Aristophanis
930 1051 1160 1134 partim
1205 1052 1488 1136 intelligi
1529 1054 1763 1134 potest,
1811 1067 2005 1132 quam
2064 1047 2352 1114 fabulam
2417 1049 2518 1115 01.

432 1157 545 1233 92,
596 1155 852 1220 12:412
896 1157 1135 1221 scimus
1182 1157 1418 1221 editam
1465 1174 1625 1221 esse.
1714 1172 1866 1221 nam
1923 1155 2042 1219 hoc
2085 1171 2252 1219 anno
2298 1153 2517 1218 Timo·

433 1279 591 1324 nem
630 1260 766 1342 jam
811 1264 1135 1325 mortuum
1178 1261 1399 1339 fuisse,
1458 1280 1492 1325 6
1537 1254 1802 1342 Lysistr.
1849 1278 1906 1323 v,
1954 1257 2303 1323 808-820
2346 1261 2521 1323 certo

435 1364 748 1445 sequitur,
794 1383 993 1446 quam
1036 1383 1172 1430 rem
1217 1364 1533 1449 Bergkius
1579 1365 1676 1428 De
1723 1362 2018 1429 Comoed.
2065 1362 2283 1444 Antiq.
2307 1382 2367 1444 p.
2391 1362 2516 1427 371

435 1487 570 1533 non
613 1468 863 1533 videtur
909 1468 1452 1535 animadvertisse.
1543 1472 1962 1534 veruntamen
1996 1484 2120 1531 non
2145 1466 2351 1531 multo
2376 1470 2524 1531 ante

438 1572 546 1637 Ol.
595 1572 699 1649 92,
750 1571 784 1635 1
836 1573 1170 1639 Timonem
1214 1573 1566 1639 decessisse
1611 1573 1866 1638 indiciis
1907 1574 2087 1654 patet
2122 1571 2292 1636 haud
2316 1570 2522 1637 ambi-

440 1677 613 1758 guis.
659 1677 773 1740 sed
815 1677 1160 1742 mulierum
1205 1695 1453 1742 osorem
1483 1676 1682 1741 fuisse
1708 1677 2042 1742 Timonem
2065 1675 2523 1759 Aristophanes

435 1781 681 1844 ibidem
741 1801 800 1844 v.
860 1780 992 1846 820
1032 1784 1255 1865 negat,
1314 1799 1520 1864 neque
1577 1781 1767 1847 aliter
1822 1780 2144 1845 Lucianus
2204 1780 2401 1846 sentit
2458 1781 2523 1845 in

442 1885 717 1950 Timone
763 1883 909 1965 §12
955 1886 1120 1949 med.
1168 1885 1365 1950 immo
1409 1888 1745 1968 propterea
1787 1884 1855 1949 in
1879 1884 2289 1949 solitudinem
2313 1883 2524 1950 abisse

438 1989 679 2054 Timon
736 2008 794 2053 v.
855 1988 982 2053 815
1043 2008 1178 2071 sqq.
1241 1990 1490 2068 dicitur,
1560 1991 1726 2072 quod
1795 1990 1938 2053 odio
1992 1987 2287 2053 habuerit
2333 1990 2523 2065 ,viros

437 2092 807 2175 improbos&
912 2096 1056 2175 post
1114 2093 1611 2176 Aristophanem
1671 2095 1927 2158 demum
1985 2094 2175 2157 multi
2235 2093 2526 2158 dixerunt

438 2197 797 2262 amicorum
839 2198 1236 2280 ingratorum
1278 2197 1535 2280 injuriis
1581 2198 1913 2262 Timonem
1958 2196 2292 2262 obsensum
2316 2215 2524 2263 seces-

438 2303 626 2367 sisse.
731 2304 1016 2367 ceterum
1081 2288 1530 2383 Aristophanis
1600 2319 1855 2367 carmen
1919 2320 1978 2365 v.
2049 2296 2390 2366 781-828
2460 2305 2525 2365 et

439 2402 842 2488 stffopliicum
887 2409 987 2471 est
1032 2409 1098 2470 et
1142 2424 1291 2471 vero
1339 2405 1775 2470 amoebaeum.
1866 2407 1931 2469 et
1984 2406 2050 2469 in
2110 2403 2525 2487 antistrophis

441 2511 706 2593 quidem
763 2529 910 2575 611111
950 2510 1204 2594 'magna
1248 2528 1658 2577 numerorum
1703 2508 2094 2591 aequalitate
2138 2526 2327 2591 saepe
2373 2527 2523 2574 con-

434 2615 671 2699 juncta
720 2618 832 2680 est⁴
864 2614 1060 2680 etiam
1103 2613 1442 2680 verborum
1487 2612 1752 2697 senique
1796 2613 1997 2697 ipsius
2028 2614 2192 2679 mira
2215 2613 2524 2696 quaedam

440 2720 820 2786 similitudo.
910 2720 979 2783 111
1022 2718 1387 2784 amoebaeis
1431 2737 1581 2783 vero
1625 2720 1709 2783 ad
1751 2718 1918 2783 hanc
1961 2720 2102 2784 soni
2146 2719 2526 2784 convenien-

440 2825 607 2890 tiam
653 2826 717 2887 et
762 2822 1102 2888 verborum
1148 2824 1494 2888 eorundem
1537 2822 1982 2904 repetitionem
2019 2824 2318 2888 accedere
2342 2822 2529 2888 debet

443 2927 915 2993 sententiarum
955 2946 1209 2992 summa
1254 2945 1448 3009 prope
1494 2927 1869 3009 aequalitas,
1929 2927 2117 3010 cujus
2176 2927 2334 2992 haec
2391 2931 2527 2992 erat

441 3033 551 3097 lex
592 3032 862 3110 sancita,
906 3035 980 3096 ut
1025 3032 1135 3113 qui
1180 3034 1403 3096 cantor
1425 3031 1851 3113 responderet,
1897 3031 2248 3096 simillimis
2271 3033 2527 3095 senten-.-

442 3137 557 3201 tiis
600 3137 811 3200 multo
851 3134 1115 3218 majore
1140 3153 1287 3201 cum
1330 3136 1395 3200 vi
1441 3135 1895 3200 demonstratis
1930 3153 2228 3217 superare
2253 3136 2528 3200 alterum

443 3243 512 3305 et
557 3241 811 3305 vincare
855 3241 1152 3305 studeret.
1241 3239 1309 3304 in
1352 3239 1521 3304 hunc
1567 3258 1829 3305 censum
1874 3257 2068 3320 quum
2091 3239 2221 3303 alia
2244 3240 2526 3317 veniunt,

443 3349 589 3409 tum
632 3344 791 3408 haec
839 3345 1140 3422 carmina,
1187 3333 1512 3426 Aristoph.
1558 3344 1719 3420 Rau.
1763 3363 1825 3409 v,
1870 3342 2237 3422 221—267,
2303 3344 2528 3410 Horat.

445 3447 659 3514 Oarm.
704 3449 823 3527 ΠΙ,
869 3449 942 3526 9,·
977 3449 1184 3513 multa
1230 3449 1498 3529 denique
1542 3447 1837 3512 bucolica
1873 3446 2215 3524 Theocriti,
2262 3448 2530 3531 Vergili,

446 3552 774 3634 Calpurni.
864 3554 932 3617 in
954 3553 1352 3635 Lysistratae
1397 3552 1597 3635 igitur
1629 3552 1914 3617 carmine
1939 3552 2279 3618 amoebaeo
2306 3569 2529 3618 senum

446 3658 678 3723 chorus
735 3656 821 3722 ab.
874 3659 934 3721 ‘v‚
996 3655 1118 3735 781
1179 3655 1613 3721 Μ6161116116111
1674 3655 1829 3720 dicit
1885 3655 2200 3740 singulari
2256 3657 2530 3738 quodam

445 3762 793 3826 mulierum
838 3761 981 3826 odio
1027 3761 1359 3826 incensum
1403 3760 1622 3824 fuisse.
1712 3763 1781 3824 at
1824 3763 2258 3832 matronarum
2281 3760 2531 3826 chorus

446 3867 517 3930 in
558 3865 959 3947 antistrophe
1005 3865 1084 3929 ab
1131 3885 1191 3930 v.
1236 3864 1385 3943 805,
1431 3868 1504 3929 ut
1548 3867 1877 3946 acceptam
1921 3883 2067 3929 rem
2113 3864 2530 3931 cumulatiore

446 3989 749 4036 mensura
820 3970 1065 4048 reddat,
1129 3969 1464 4034 Timonem
1523 3969 1801 4033 ostendit
1861 3970 1928 4032 in
1973 3969 2315 4034 solitudine
2362 3969 2531 4034 viros

446 4068 772 4158 improbos
817 4074 1210 4140 interneciuo
1259 4071 1402 4139 odio
1436 4075 1856 4157 'persecutum
1902 4068 2092 4156 atque
2150 4074 2305 4138 adeo
2353 4092 2531 4138 exse-

447 4181 621 4246 crari.
672 4177 941 4252 solitum
1000 4178 1219 4255 fuisse,
1278 4196 1473 4260 quum
1516 4168 1778 4261 quidem
1818 4178 2121 4251 mulieres
2167 4178 2373 4241 eidem
2420 4177 2531 4241 Ti·-

444 4285 626 4351 moni
670 4286 890 4350 essent
928 4284 998 4348 in
1044 4282 1405 4348 amoribus.¹
1482 4284 1598 4349 sed
1637 4287 1712 4348 ut
1755 4284 1837 4348 ad
1887 4281 2147 4365 singula
2189 4284 2532 4357 transeam,

1134 4383 1149 4396 .
2048 4384 2116 4440 2*
