3099 5241
1321 445 1798 502 DEMONACTIS.
2398 449 2601 504 XXIII

505 644 711 703 μενος
770 618 867 705 μῆ
931 617 1252 709 ἐκφῆνῃς·
1327 617 1566 694 ἀδικεῖς
1621 618 1746 708 γὰρ
1817 618 1892 686 οὗ
1963 618 2084 687 τὸν
2141 620 2377 711 ἐχθρὸν
2438 620 2594 687 ἄλλα
2691 620 2710 641 ‘

503 721 625 809 τὴν
671 724 914 810 ([ιλιᾞαν

678 832 1007 897 Antonius
1053 830 1116 896 S.
1168 831 1288 897 137
1336 851 1397 916 p.
1446 832 1599 915 217,
1645 835 1759 898 24:
1806 828 2177 915 μυστήριον
2218 871 2302 882 --
2348 829 2445 916 μὴ
2494 836 2598 897 ἐκ-

503 931 718 1021 φάνῃς
777 935 924 1022 (sic)
967 974 1051 985 --
1097 934 1318 1017 φιλίαν
1383 940 1527 1019 post
1583 938 1784 1033 elium
1844 938 2060 1002 locum
2115 938 2592 1019 ,Demonactis‘.

500 1042 665 1106 Tum
710 1041 1034 1126 Excerpta
1060 1039 1594 1104 Vindobonensia
1636 1042 1704 1105 in
1755 1041 2026 1108 Stobaeo
2070 1042 2168 1107 IV
2210 1063 2270 1127 p.
2315 1044 2446 1109 293
2492 1043 2596 1107 ed.

372 1152 389 1175 ⁸
500 1145 787 1210 Meinek:
855 1140 1243 1226 Μυστὴριον
1289 1182 1372 1192 —-
1417 1168 1512 1227 ,ur
1566 1142 1848 1232 ἐκφήιης
1892 1184 1978 1195 --
2023 1144 2262 1228 φιλίαν.
2356 1147 2436 1211 In
2490 1148 2592 1212 his

500 1249 840 1334 Excerptis
881 1268 1058 1313 unus
1101 1249 1282 1312 Iocus
1327 1250 1649 1333 praecedit
1679 1251 1859 1316 Sexti
1890 1251 2277 1336 philosophi.
2323 1250 2584 1324 Σὲξιου.

502 1349 621 1435 Μὴ
669 1390 758 1401 -—
803 1349 1114 1429 δεδωκώς,
1177 1357 1318 1417 tum
1364 1354 1671 1419 undecim
1713 1356 1839 1420 loci
1883 1360 2249 1440 sequuntur
2293 1357 2433 1420 sine
2474 1374 2592 1419 no-

499 1459 674 1524 mine
729 1459 1041 1541 auctoriS,
1106 1477 1382 1542 quorum
1448 1459 1735 1524 locorum
1792 1467 2014 1525 noster
2067 1460 2289 1526 ordine
2339 1461 2588 1545 primus

499 1569 614 1627 est.
705 1562 952 1646 Nempe
996 1564 1303 1628 undecim
1346 1563 1471 1627 loci
1518 1565 1659 1627 sine
1704 1564 2074 1629 auctoribus
2122 1564 2314 1630 adlati
2359 1570 2529 1630 sunt.

678 1802 795 1887 Mt}
844 1812 1079 1888 κτῆσαι
1126 1806 1336 1891 φίλον,
1386 1799 1435 1893 ᾧ
1477 1802 1577 1889 μή
1627 1804 1849 1873 πάντα
1894 1805 2238 1882 πιστεύεις.

668 1912 998 1977 Antonius
1043 1912 1100 1977 S.
1151 1913 1273 1977 137
1321 1933 1383 1997 Ρ.
1431 1913 1583 1995 217,
1629 1914 1745 1978 27;
1799 1908 1895 1995 μὴ
1944 1950 2029 1960 -
2075 1907 2398 1985 πιστεύεις
2443 1918 2588 1998 post

497 2016 623 2080 duo
685 2017 860 2081 locos
925 2015 1391 2099 ,Demonactis‘.
1482 2017 1660 2081 Hinc
1707 2016 1982 2083 Orellius
2025 2017 2090 2081 II
2135 2039 2196 2104 p.
2250 2019 2372 2084 146
2419 2020 2587 2083 inter

493 2118 904 2186 Demonactis
948 2121 1306 2205 fragmenta
1349 2122 1524 2186 hunc
1573 2142 1831 2207 quoque
1889 2123 2104 2187 locum
2148 2125 2404 2207 recepit.
2495 2123 2586 2187 At

491 2226 630 2309 ipse
685 2227 1016 2291 Antonius
1072 2225 1289 2310 paullo
1345 2233 1492 2291 ante
1552 2227 1613 2292 S.
1667 2227 1793 2293 135
1847 2224 2008 2310 Περὶ
2055 2227 2252 2309 φίλων
2300 2252 2356 2291 κ.
2408 2252 2468 2290 τ.
2520 2227 2576 2292 λ.

490 2349 553 2414 Ρ.
599 2330 751 2413 215,
798 2333 833 2395 7
880 2336 1025 2415 post
1091 2331 1289 2395 alium
1354 2332 1574 2396 locum
1642 2331 1922 2415 ,Sexti‘
1991 2333 2083 2396 ita
2148 2332 2387 2416 pergit:
2455 2326 2578 2413 Mo}

490 2429 710 2516 κτήσει
766 2436 902 2518 (sic)
960 2431 1170 2517 φίλον,
1232 2426 1277 2513 ᾧ
1331 2432 1427 2517 w}
1489 2431 1712 2499 πάντα
1770 2433 2114 2508 πιστεύεις.
2223 2436 2323 2500 Ita
2378 2434 2583 2520 liquet

492 2537 570 2602 ab
651 2539 875 2604 eodem
940 2540 1228 2605 Antonio
1305 2540 1521 2604 locum
1600 2540 1877 2606 eundem
1958 2561 2135 2605 nunc
2201 2540 2578 2606 Demonacti

491 2643 712 2709 datum
766 2664 904 2711 esse
957 2666 1137 2712 nunc
1181 2647 1394 2712 Sexto.
1485 2645 1571 2709 Et
1614 2645 1809 2711 Sexto
1868 2647 2041 2712 dedit
2083 2647 2255 2712 idem
2302 2645 2578 2711 Orellius

487 2748 519 2813 Ι
563 2770 625 2834 Ρ.
673 2750 820 2814 244.
905 2750 1119 2816 Verus
1163 2752 1362 2835 hujus
1407 2753 1762 2817 sententiae
1806 2771 2057 2837 parenS,
2101 2758 2176 2816 ut
2219 2752 2576 2816 atticismus

486 2855 713 2940 poscit,
756 2854 970 2921 futuro
1014 2876 1175 2921 usus
1206 2861 1367 2922 erat:
1419 2854 1536 2937 Μὴ
1585 2862 1817 2939 κτῆσαι
1862 2854 2073 2941 φίλον,
2123 2846 2169 2935 ᾧ
2207 2852 2305 2940 μή
2352 2851 2574 2918 πάντα

484 2980 870 3034 πιστευσεις.

659 3150 1082 3232 Αἰτιωμὲνου
1124 3150 1301 3226 τινὸς
1344 3160 1476 3218 τῶν
1520 3151 1792 3237 ἑταίρων
1838 3148 2043 3215 αὐτὸν
2073 3150 2177 3214 καὶ
2209 3146 2569 3234 φήσαντος·

485 3252 601 3319 οὐκ
655 3260 844 3342 ἐχρῆν
906 3280 977 3320 σε
1034 3262 1119 3336 τῷ
1178 3261 1384 3345 ἐχθρῷ
1437 3281 1579 3344 μου
1634 3255 1820 3342 φίλον
1881 3253 2072 3320 εἶναι·
2135 3259 2203 3319 σὲ
2246 3258 2378 3339 μὲν
2423 3248 2566 3332 οὖν,

484 3365 629 3445 ἔφη.
684 3356 798 3424 οὐκ
845 3364 1034 3448 ἐχρῆν
1077 3367 1161 3440 τῷ
1205 3356 1552 3449 ᾳί).ῳ“,ιιου
1597 3360 1834 3449 ἐχθρὸν
1879 3359 2063 3425 εἶναι.
2151 3404 2167 3419 .

656 3465 1071 3552 Florilegium
1100 3466 1434 3554 Lipsiense
1465 3488 1601 3554 cap.
1637 3467 1724 3532 VI
1769 3462 1939 3550 Περὶ
1985 3464 2185 3549 φίλων
2232 3464 2336 3528 καὶ
2380 3470 2569 3549 φιλα-

483 3567 764 3653 δελφίας,
818 3573 922 3637 15.
1000 3570 1470 3655 Δημώνακτος.
1524 3572 1918 3656 αἰτιωμένου
1961 3609 2046 3619 —-
2092 3567 2331 3656 ἐχθρὸν
2376 3567 2563 3634 εἶναι.

480 3676 773 3741 Primum
825 3677 984 3741 haec
1040 3678 1241 3743 edidit
1282 3678 1364 3742 A.
1410 3679 1941 3745 Westermannus
1995 3675 2094 3741 De
2136 3676 2346 3741 Floril.
2391 3675 2565 3760 Lips.

477 3802 541 3865 p.
574 3781 618 3845 4
648 3788 947 3866 recteque
992 3789 1135 3867 post
1180 3780 1295 3846 οὐκ
1345 3789 1531 3870 ἐχρῆν
1576 3802 1928 3869 pronomen
1978 3805 2047 3844 σε
2090 3783 2230 3865 ipse
2273 3782 2563 3845 inseruit.

477 3883 869 3952 Demonacte
914 3888 1070 3953 haec
1115 3890 1432 3954 sententia
1476 3908 1549 3953 eo
1598 3889 1851 3972 dignior
1895 3891 2011 3968 est,
2072 3905 2200 3969 quo
2257 3884 2404 3970 plus
2457 3886 2565 3950 ille

479 3992 793 4055 amicitiae
850 3992 1207 4077 tribuebat,
1265 3993 1343 4058 de
1399 4014 1528 4077 qua
1587 4012 1657 4057 re
1713 4012 1912 4076 supra
1966 3990 2047 4054 ad
2105 3989 2208 4054 Fr.
2258 3989 2406 4054 VIII
2449 3989 2559 4055 fin.

478 4094 723 4160 dictum
768 4101 882 4163 est.

1409 4183 1621 4249 XXII.

633 4284 726 4353 ‘O
769 4282 957 4374 λόγος
1017 4289 1234 4373 ὥσπερ
1291 4286 1586 4373 πλάστης
1644 4286 1901 4377 ἀγαθὸς
1959 4293 2077 4371 τῆς
2121 4293 2329 4375 ψυχῆς
2377 4310 2561 4371 περι-

472 4390 700 4478 τίθησι
749 4397 986 4478 σχῆμα.
