3099 5241
1152 375 1254 431 AD
1287 374 1686 433 Lucum.
2348 372 2478 431 m

385 552 710 635 spearium
755 550 990 633 ubique
1035 549 1288 633 magnis
1328 548 1632 614 laudibus
1668 550 1917 629 extulit,
1961 550 2054 616 ita
2077 549 2252 615 idem
2275 550 2363 633 (p.
2388 550 2470 615 21

383 654 581 738 infra)
628 656 962 738 egregium
1006 653 1275 719 Luciani
1321 653 1652 738 dialogum
1695 654 1909 736 inepte
1935 654 2109 719 solus
2132 653 2472 737 reprehenss·

386 759 482 824 dit
541 777 751 840 neque
813 758 1139 842 cogitavit,
1208 760 1493 822 saturam
1548 758 1916 824 comoediae
1985 758 2263 822 similem
2333 776 2472 822 esse

392 862 626 939 debere
672 880 802 929 non
843 862 1003 927 item
1047 860 1415 945 tragoediae
1462 861 2060 945 Shakespearianae,
2119 864 2193 926 ut
2235 880 2315 926 ne
2357 861 2478 927 hoc

387 967 648 1049 quidem
727 965 1250 1033 animadvertisse
1319 965 1625 1045 ‘videatur
1705 966 2059 1032 Lucianum
2125 965 2475 1045 ⁸satiricum

390 1070 611 1148 fuisse,
656 1072 915 1151 poetam
956 1088 1085 1135 non
1129 1069 1348 1134 fuisse.
1437 1071 1655 1153 itaque
1678 1069 1998 1136 Lucianus
2044 1070 2231 1135 modo
2279 1070 2474 1135 casti-

391 1177 584 1257 gatur
624 1193 690 1258 p.
742 1172 824 1238 15
871 1192 984 1255 sq.,
1031 1173 1196 1256 quod
1241 1174 1434 1258 longe
1479 1173 1670 1238 aliter
1713 1177 1907 1256 atque
1929 1173 2240 1258 Hegelius
2264 1173 2475 1255 philo·

392 1277 626 1360 sophus
696 1277 968 1343 divitum
1033 1278 1363 1360 ingenium
1430 1276 1784 1342 describere
1852 1294 2045 1343 ausus
2114 1278 2220 1356 sit,
2288 1277 2475 1349 modo

390 1382 563 1447 idem
604 1401 667 1464 p.
719 1381 795 1447 17
841 1381 1161 1459 laudatur,
1207 1381 1375 1464 quod
1418 1381 1734 1463 parasitos
1780 1384 1918 1446 tam
1961 1381 2217 1446 fortiter
2257 1382 2475 1463 explo-

393 1486 569 1553 serit.
657 1484 901 1568 maj0re
967 1485 1158 1549 laude
1226 1502 1302 1548 ea
1364 1485 1559 1568 digna
1625 1487 1796 1563 sunt,
1857 1503 2018 1568 quae
2080 1504 2142 1567 p.
2216 1485 2295 1550 18
2342 1504 2475 1569 sqq.

393 1590 471 1654 de
517 1588 962 1670 Shakespearii
1008 1589 1316 1666 ‚Timone‘
1366 1588 1738 1669 disputavit,
1803 1607 1841 1653 a
1900 1607 2022 1671 quo
2068 1592 2259 1670 poeta
2302 1589 2477 1654 virus

395 1693 687 1759 Timonis
730 1692 797 1759 in
841 1691 1277 1774 Apemantum
1321 1692 1414 1757 ita
1452 1691 1704 1774 judicat
1747 1692 2144 1757 transfusum
2191 1711 2349 1771 esse,
2408 1696 2480 1758 ut

393 1798 532 1879 ipse
577 1797 970 1863 Lucianeum
1012 1796 1229 1879 potius
1274 1795 1610 1861 Timonem
1678 1799 1742 1860 et
1786 1782 1932 1861 eu'm
1976 1797 2187 1881 magis
2232 1815 2479 1862 correc-

391 1904 535 1966 tum
581 1900 936 1991 effingeret.
1025 1900 1132 1965 hic
1174 1900 1374 1983 igitur
1402 1899 1717 1964 Ulricium
1743 1900 1982 1965 Binder
2026 1900 2259 1983 ubique
2304 1901 2477 1965 vitu-

392 2008 598 2087 perat,
669 2003 1018 2071 Gervinum
1084 2007 1300 2071 autem
1358 2023 1419 2086 p.
1466 2003 1553 2068 20
1606 2004 1784 2087 justa
1828 2004 2018 2068 laude
2062 2005 2479 2087 prosequitur.

399 2109 627 2181 deinde
673 2108 940 2191 quaerit,
987 2108 1229 2173 satisne
1277 2107 1721 2189 Shakespearii
1768 2107 1997 2172 Timon
2042 2108 2167 2173 sibi
2212 2111 2481 2188 constet,

397 2213 507 2295 qui
564 2231 638 2276 ex
696 2213 902 2276 amico
962 2230 1107 2276 osor
1152 2212 1402 2295 generis
1445 2212 1711 2277 humani
1755 2212 2029 2277 evaserit
2076 2213 2165 2293 (p.
2211 2212 2292 2276 21
2341 2213 2480 2295 sq.).

397 2316 568 2398 quod
613 2316 695 2381 ad
741 2316 902 2384 alias
947 2334 1251 2397 personas
1296 2315 1596 2397 pertinet,
1661 2314 2031 2380 Alcibiades
2075 2316 2325 2397 patiens
2368 2316 2481 2380 ille

397 2420 615 2492 vocari
676 2420 964 2484 Timonis
1024 2420 1198 2485 ultor
1257 2437 1454 2502 quum
1511 2419 1702 2483 exilio
1735 2414 2061 2495 “multatus
2113 2419 2252 2501 Jam
2295 2419 2362 2484 in
2409 2438 2482 2485 eo

401 2526 591 2601 esset,
645 2526 720 2588 ut
763 2541 960 2594 manu
1006 2526 1374 2605 comparata
1418 2523 1672 2588 senatui
1713 2523 2072 2606 populoque
2116 2524 2184 2587 id
2228 2526 2325 2588 est
2367 2542 2484 2605 pa-

402 2628 562 2704 triae
625 2627 875 2696 bellum
932 2628 1226 2692 inferret:
1292 2628 1604 2693 seditione
1648 2628 1908 2693 interim
1951 2626 2223 2693 Athenis
2271 2631 2483 2694 exorta

405 2731 540 2806 sine
584 2731 725 2796 ulla
770 2731 1179 2803 dimicatione
1221 2732 1618 2814 postliminio
1665 2732 1849 2809 redit,
1893 2732 2111 2797 hostes
2157 2750 2305 2798 suos
2344 2731 2484 2814 jam

402 2835 589 2904 videt
621 2836 927 2914 devictoS,
971 2837 1146 2918 pacis
1194 2836 1463 2919 denique
1509 2835 1902 2901 conditiones
1932 2834 2326 2917 praescribit.
2373 2836 2486 2899 sed

405 2940 480 3003 de
544 2938 909 3004 Alcibiadis
972 2940 1287 3021 partibus
1326 2943 1391 3005 et
1454 2960 1577 3022 quo
1658 2940 1913 3004 vinculo
1984 2959 2130 3004 cum
2197 2940 2483 3005 Timonis

404 3044 654 3108 actione
710 3043 1015 3126 primaria
1065 3044 1462 3123 cohaereant,
1525 3045 1656 3109 diu.
1678 3044 2079 3126 multumque
2125 3042 2485 3108 dubitatum

409 3150 521 3213 est.
645 3165 723 3216 ac
788 3165 941 3237 sane
1008 3149 1384 3230 reprehendi
1451 3148 1946 3230 Shakespearius
2012 3152 2248 3229 posset,
2317 3149 2486 3230 quod

406 3251 613 3327 obiter
682 3254 745 3314 et
812 3251 994 3332 quasi
1052 3253 1440 3333 praeteriens
1495 3244 1903 3318 Alcibiadem
1961 3252 2298 3331 induxerit,
2360 3253 2486 3317 nisi

403 3354 746 3436 primariae
787 3357 1003 3436 partes
1048 3356 1388 3422 manifesto
1431 3356 1633 3437 ipsius
1680 3359 1892 3421 essent
1908 3356 2229 3438 {Timonis
2316 3375 2487 3421 nunc

407 3458 566 3522 satis
624 3460 723 3522 est
782 3460 847 3522 et
891 3457 1215 3523 Alcibiadi
1262 3462 1326 3524 et
1370 3478 1517 3523 vero
1568 3459 1820 3524 Timoni
1864 3458 2138 3525 Athenis
2183 3461 2485 3544 injuriam

407 3561 649 3626 factam
693 3561 914 3640 fuisse,
959 3565 1033 3626 ut
1075 3562 1197 3627 hoc
1240 3563 1496 3648 quidem
1541 3581 1726 3627 nemo
1772 3563 1995 3627 mirari
2037 3565 2258 3646 possit,
2303 3564 2485 3629 Alci-

405 3664 663 3737 biad'em
718 3666 1081 3747 poposcisse
1142 3669 1214 3731 ut
1261 3666 1456 3732 etiam
1502 3666 1789 3752 Timonis
1833 3667 2083 3749 injuriis
2128 3668 2483 3733 satisfieret.

411 3756 782 3851 quanquam
820 3759 924 3833 ‘sic
974 3755 1228 3852 'quoque
1282 3771 1514 3841 miram
1561 3789 1699 3838 esse
1744 3770 1952 3836 fateor
1992 3771 2292 3853 pluribus.
2324 3771 2486 3837 locis

411 3890 747 3953 personam
790 3872 1148 3938 Alcibiadis
1190 3893 1395 3956 neque
1439 3894 1587 3939 cum
1625 3874 1909 3939 Timonis
1953 3875 2241 3957 partibus
2262 3876 2485 3959 primis

414 3976 571 4040 satis
639 3979 814 4041 arcte
882 3995 1245 4044 connexam.
1349 3978 1568 4061 itaque
1623 3977 1983 4043 Alcibiadis
2049 3997 2316 4060 persona
2382 3980 2485 4045 vix

414 4080 584 4143 omni
645 4083 819 4145 caret
877 4081 1220 4147 offensione
1235 4080 1320 4165 ¹¹³).
1411 4082 1524 4146 sed
1592 4071 1678 4146 de
1716 4081 2159 4165 Shakespearii
2205 4085 2486 4149 dramate

627 4233 680 4304 ³⁸⁸)
717 4235 806 4290 Sic
843 4253 1050 4307 quoque
1084 4237 1243 4292 multi
1275 4237 1378 4292 hac
1414 4254 1472 4292 re
1505 4227 1728 4293 nimium
1762 4239 2009 4294 videntur
2042 4240 2228 4294 offensi
2280 4257 2395 4295 esse
2432 4243 2488 4293 et

416 4320 649 4391 iniquius
698 4322 966 4392 judicasse
1019 4324 1085 4379 de
1135 4324 1402 4394 Aeschylo
1455 4325 1703 4391 rediviv0‚
1760 4327 2115 4381 recentiorum
2165 4327 2487 4396 tragicorum
