3099 5241
1109 488 1485 539 NEKPIKOI
1533 488 1918 540 ΔΙΑΛΟΙὈΙ.
2468 485 2552 551 57

476 655 842 743 ἀνεράστου
894 671 1032 732 τοῖς
1086 665 1349 733 πολλοῖς
1405 656 1776 748 χρήματος,
1865 659 2132 726 ΧΕῙΡ.
2228 663 2348 743 ἐρῶ
2394 655 2560 743 πρὸς

480 769 548 827 σὲ
610 761 726 828 οὐκ
788 761 1109 829 ἀσύνετον
1156 762 1339 830 ὄντα.
1434 762 1551 827 οὐκ
1595 758 1683 847 ἦν
1729 767 1821 828 ἔτι
1863 761 1989 846 ἡδύ
2039 761 2399 828 ἀπολαύειν
2442 768 2560 845 τῆς

477 865 875 942 ἀθανασίας.
976 870 1219 935 ΜΕΝ.
1310 866 1422 956 οὐχ
1464 864 1590 952 ἡδύ
1638 863 1746 951 ἦν,
1798 871 2003 947 ζῶντα
2052 865 2216 952 ὁρᾶν
2259 863 2334 932 τὸ
2381 872 2559 951 speie,-

477 971 744 1039 XEIP.
841 971 979 1050 οὒκ,
1043 967 1089 1036 ὦ
1139 954 1492 1038 Μένιππε·
1563 970 1639 1037 τὸ
1684 970 1810 1060 γάρ
1854 969 1978 1056 ἡδύ
2028 974 2222 1060 ἔγωγε
2265 973 2561 1036 ποικίλον

475 1101 539 1140 τι
583 1078 687 1139 καὶ
734 1075 846 1164 οὐχ
892 1075 1147 1142 ἁπλοῦν
1190 1076 1487 1164 ἡγοῦμαι
1531 1075 1736 1142 εἶναι·
1809 1073 1926 1164 ἐγώ
1985 1076 2056 1141 δὲ
2112 1079 2264 1155 ἔζων
2313 1075 2411 1140 ἀεὶ
2457 1077 2561 1140 καὶ

480 1265 666 1322 ὅπλων
705 1265 1091 1336 παραδιδόναι
1133 1274 1194 1322 Ψ.
1269 1268 1403 1325 ibid.
1454 1266 1741 1325 κινδύνους
1788 1267 2058 1336 ὑπέμενεν
2103 1271 2170 1330 Ω,
2225 1263 2564 1321 κινδυνεύειν

481 1355 747 1424 ὑπομένει
790 1362 853 1409 Ψ.
928 1355 1059 1409 ibid.
1100 1355 1190 1408 ἐπὶ
1243 1361 1425 1426 Τρωσὶ
1462 1359 1584 1408 ΩΨ.
1659 1354 1791 1415 ibid,
1830 1354 1862 1423 ἡ
1904 1372 1992 1410 0111
2025 1358 2149 1408 ΩΨ.
2225 1354 2357 1408 ibid.
2394 1355 2561 1406 τοῦτο

482 1442 768 1496 ἐπιτάττοι
801 1447 924 1496 ΩΨ.
999 1442 1187 1512 XXX,
1228 1448 1257 1501 1
1309 1434 1470 1500 οὗτος
1504 1445 1627 1495 ΩΨ.
1701 1441 1834 1495 ibid.
1885 1441 2104 1494 ἀκούσω
2141 1446 2208 1505 Ω,
2264 1440 2448 1495 ἀκούω
2496 1446 2560 1493 Ψ.

479 1529 611 1583 ibid.
650 1525 704 1583 εἰ
737 1527 964 1588 δικαίως
1004 1536 1066 1593 Ψ,
1119 1526 1174 1583 εἰ
1216 1538 1308 1583 καὶ
1360 1527 1586 1587 δικαίως
1618 1533 1684 1582 Ω.
1760 1528 1893 1583 ibid.
1934 1528 2006 1587 ὡς
2038 1532 2106 1592 Ω,
2159 1528 2309 1588 ὅπως
2351 1534 2415 1592 Ψ,
2470 1528 2565 1596 qui

479 1633 607 1671 mox
645 1607 1020 1685 διακρίνομεν.
1097 1634 1142 1671 c.
1179 1621 1213 1674 2
1255 1617 1553 1671 octodecim
1587 1616 1750 1670 verba
1787 1615 1971 1669 ὁπόσα
2007 1647 2075 1655 -
2116 1613 2330 1685 δηλαδὴ
2372 1632 2459 1670 om
2493 1620 2560 1668 Ω.

479 1703 612 1757 ibid.
663 1703 1029 1758 ἓπικέκλωστσ
1075 1710 1139 1767 Ψ,
1190 1703 1285 1773 qui
1336 1720 1465 1758 mox
1511 1721 1600 1759 om
1646 1704 1809 1758 altero
1855 1702 1974 1758 loco
2023 1703 2128 1758 ὑπὸ
2179 1705 2276 1772 τῆς
2325 1708 2561 1773 Μοίρας.

479 1789 612 1844 ibid.
651 1789 905 1862 ἐδρῶμεν
939 1796 1005 1854 Ω,
1050 1788 1274 1860 δρῶμεν
1314 1797 1374 1844 Ψ.
1450 1792 1582 1846 ibid.
1635 1788 1689 1846 εἰ
1730 1795 1917 1845 τοίνυν
1968 1789 2339 1861 ἀναγκασθείς
2373 1811 2454 1849 τις
2498 1795 2562 1852 Ψ,

484 1874 540 1931 εἰ
584 1870 681 1931 οὖν
727 1900 808 1936 τις
856 1878 1225 1950 ἀναγκασθεὶς
1271 1883 1338 1932 Ω.
1430 1879 1563 1933 ibid.
1615 1879 1906 1949 φονεύσειέ
1980 1884 2044 1944 Ψ,
2115 1876 2438 1948 φονεύσειέν
2493 1881 2561 1930 Ω.

481 1964 613 2018 ibid.
661 1966 978 2036 βιαζομένῳ
1040 1972 1104 2028 Ψ,
1162 1964 1499 2036 βιαζόμενος
1544 1971 1610 2018 Ω.
1701 1965 1834 2020 ibid.
1889 1966 2161 2035 ὑπηρετεῖ
2212 1964 2452 2036 ὄργανον
2505 1964 2569 2016 ὂν

482 2054 649 2106 τοῦτο
706 2058 768 2116 Ψ,
821 2054 1091 2121 ὑπηρετεῖ
1139 2055 1245 2125 γὰρ
1296 2055 1461 2106 τοῦτο
1515 2051 1756 2123 ὄργανον
1805 2052 1870 2107 ὃν
1908 2057 1972 2106 Ω.
2064 2053 2197 2107 ibid.
2245 2052 2450 2120 πρώτῳ
2497 2056 2563 2115 Ω,

483 2139 718 2208 πρώτως
761 2147 823 2194 Ψ.
899 2140 1031 2194 ibid.
1070 2139 1139 2208 ἢν
1177 2137 1242 2193 δέ
1274 2161 1356 2196 τις
1394 2143 1461 2201 Ω,
1516 2139 1610 2193 sed
1647 2138 1716 2207 ἢν
1754 2137 1815 2193 δέ
1851 2162 1974 2193 τινα
2016 2146 2078 2203 Ψ,
2132 2140 2227 2210 qui
2272 2157 2400 2194 mox
2447 2142 2571 2208 post

484 2227 521 2294 ἧ
557 2244 644 2283 om
678 2233 819 2282 τίνα.
876 2245 1020 2284 nunc
1057 2228 1274 2281 demum
1308 2226 1485 2280 elucet
1519 2226 1617 2295 qui
1650 2227 1850 2281 factum
1890 2227 1980 2295 sit,
2017 2227 2081 2280 ut
2113 2232 2236 2280 τίνα
2273 2226 2333 2280 in
2368 2226 2572 2295 aliquot

485 2313 637 2370 codd.
674 2314 810 2368 male
847 2316 1197 2371 omitteretur.
1267 2314 1402 2369 ibid.
1439 2318 1673 2384 κομίσας
1708 2317 1774 2376 Ω,
1815 2318 2103 2383 πεμφθεὶς
2146 2319 2208 2367 Ψ.
2270 2330 2315 2368 0.
2353 2320 2386 2371 3
2425 2313 2573 2370 ὅπως

486 2399 655 2454 ἄδικα
695 2404 811 2454 ΩΨ.
887 2402 1021 2457 ibid.
1060 2401 1236 2456 ἐκεῖνό
1274 2394 1355 2474 γε]
1394 2423 1450 2471 γε
1491 2417 1578 2455 om
1617 2404 1738 2454 ΩΨ.
1814 2400 1947 2454 ibid.
1986 2401 2101 2468 ἔχοι
2135 2422 2216 2458 τις
2252 2399 2320 2453 ἂν
2358 2400 2434 2457 ὡς
2467 2403 2577 2452 ΩΨ

485 2489 560 2559 (si
611 2489 745 2543 fides
800 2489 1056 2558 silentio).
1144 2490 1275 2544 ibid.
1324 2489 1387 2542 τὸ
1442 2487 1742 2559 ἀντιλέγειν
1800 2495 1865 2551 Ψ,
1927 2486 2228 2560 ἀντιλέγειν
2277 2491 2343 2540 Ω.
2437 2487 2568 2541 ibid.

484 2576 777 2648 γιγνόμενα
834 2582 899 2639 Ψ,
948 2576 1213 2647 γινόμενα
1253 2580 1318 2630 Ω.
1405 2576 1536 2631 ibid.
1589 2574 1923 2635 ἀπολαύσεις
1964 2577 2062 2645 τῆς
2109 2575 2430 2645 ἐρωτήσεως
2467 2578 2583 2629 ΩΨ

484 2666 539 2717 et
582 2670 634 2717 Ψ
665 2680 752 2718 om
789 2663 870 2717 σύ.
928 2664 1060 2717 ibid.
1095 2685 1177 2722 τις
1212 2681 1299 2719 om
1332 2670 1393 2718 Ψ.
1451 2663 1657 2718 ibidem
1692 2665 1758 2717 τὰ
1798 2662 1969 2731 ὅμοια
2008 2663 2224 2731 ἐρωτᾶν
2254 2669 2315 2726 Ψ,
2359 2662 2574 2731 ἐρωτᾶν

486 2752 555 2803 τὰ
596 2750 767 2820 ὅμοια
806 2754 871 2804 Ω.
913 2781 981 2789 -
1017 2750 1176 2803 Haud
1213 2766 1339 2805 sane
1373 2751 1513 2804 mihi
1551 2751 1780 2821 contigit
1824 2751 2018 2805 horum
2063 2750 2323 2805 librorum
2365 2749 2573 2803 auxilio

484 2839 631 2893 locos
672 2838 971 2903 mendoSOS,
1018 2840 1081 2892 ut
1125 2838 1185 2891 in
1230 2837 1499 2906 XXVIII,
1535 2842 1568 2894 2
1616 2837 1843 2891 verbum
1894 2837 2343 2903 ἀπεσπάσθησαν
2391 2853 2572 2890 emen-

488 2927 641 2980 dare:
676 2926 953 2994 propterea
978 2925 1122 2994 quod
1157 2924 1436 2993 plerasque
1462 2940 1647 2979 omnes
1683 2925 1976 2993 scripturas
2001 2940 2136 2994 quae
2172 2941 2334 2993 supra
2368 2923 2573 2992 positae

486 3016 616 3067 sunt
649 3029 719 3066 ex
753 3011 875 3066 aliis
913 3012 1065 3065 codd.
1102 3011 1308 3065 dudum
1343 3011 1682 3080 consignatas
1717 3011 1992 3066 habebam.
2046 3013 2101 3065 at
2135 3028 2201 3064 ne
2239 3010 2320 3064 sic
2356 3009 2576 3078 quidem

487 3102 604 3155 sine
640 3099 752 3153 ullo
788 3099 969 3153 fructu
1003 3099 1253 3153 codicum
1286 3102 1383 3152 ΨΩ
1416 3098 1675 3153 lectiones
1701 3099 1874 3153 oculis
1911 3099 2250 3168 perlustravi,
2285 3114 2385 3151 nec
2420 3095 2575 3165 plane

487 3189 709 3256 despero
745 3187 860 3240 fieri
896 3200 1072 3255 posse,
1108 3186 1172 3239 ut
1204 3185 1298 3239 alii
1336 3187 1557 3239 cernant
1589 3185 1804 3240 acutius
1839 3189 1903 3240 et·
1928 3186 2087 3256 paulo
2123 3185 2247 3256 plus
2284 3202 2444 3255 quam
2479 3201 2576 3254 ego

488 3274 614 3327 inde
650 3272 791 3327 lucri
826 3271 1139 3342 percipiant.
1212 3272 1359 3326 Haec
1394 3272 1672 3327 hactenus.

626 3360 752 3415 Non
786 3360 1019 3413 dixerim
1054 3376 1123 3413 ex
1156 3358 1335 3429 aliqua
1364 3359 1639 3414 comoedia
1671 3361 1817 3416 hunc
1854 3360 2126 3431 dialogum
2161 3361 2393 3430 petitum
2428 3375 2575 3414 esse:

489 3449 593 3502 hoc
628 3464 799 3502 unum
835 3447 974 3515 dico,
1025 3447 1203 3501 omnia
1235 3447 1344 3500 fere
1378 3447 1471 3501 hic
1508 3447 1710 3516 scripta
1749 3464 1867 3503 esse
1915 3448 2213 3503 numerose.
2287 3448 2576 3518 quinquies

490 3535 638 3588 enim
662 3536 903 3589 senarius
938 3536 1145 3603 integer
1177 3533 1291 3587 levi
1325 3534 1620 3589 mutatione
1655 3536 1792 3589 facta
1815 3538 2081 3604 nascetur,
2121 3535 2408 3595 ἀθάνατος
2434 3535 2579 3590 εἶναι

495 3620 797 3690 δυνάμενος
832 3614 944 3691 κᾷτ’
988 3620 1297 3689 ἀπέθανεςς
1347 3624 1403 3675 et
1449 3622 1588 3691 ἔρως
1637 3621 1946 3691 ἀνεράστου
1994 3621 2145 3676 τοῖσι
2184 3622 2412 3682 πολλοῖς
2443 3623 2576 3692 χρή-

491 3729 666 3778 ματος
700 3709 756 3762 et
792 3708 887 3774 οὐχ
923 3706 1029 3775 ἡδὺ
1070 3707 1123 3762 δ’
1165 3700 1235 3777 ἦν
1272 3709 1385 3772 ζυῖν
1420 3718 1513 3762 καὶ
1548 3708 1821 3780 βλέπονθ’
1864 3709 2008 3777 ὁρᾶν
2043 3712 2106 3764 τὸ
2148 3713 2297 3779 (puin
2348 3713 2403 3764 et
2428 3709 2577 3763 ’πάν-

491 3817 604 3849 των
651 3796 880 3864 ὁμοίων,
932 3794 1110 3863 ἡλίου,
1175 3796 1376 3865 φωτὸς,
1439 3798 1675 3866 τροφῆς,
1734 3796 1966 3866 denique
2018 3794 2325 3867 δημοτικὸν
2374 3790 2420 3851 ὦ
2467 3800 2576 3852 Ζεῦ

492 3884 729 3953 πρᾶρμα
765 3883 866 3950 τὴν
905 3879 1199 3952 ἰσοτιμίαν.

636 3975 681 4028 l.
738 3963 1160 4041 ἐπιθυμήσειας]
1190 3969 1548 4038 ἐπεθύμησας
1574 3970 1623 4029 ἓῖ
1647 3973 1704 4024 et
1725 3987 1789 4039 pi·
1811 3987 1867 4023 m
1893 3974 1959 4023 Ω.
2104 3973 2279 4025 ταῦτα
2304 3971 2575 4034 ΒἨΨΦΩ,

492 4056 641 4111 ταῦτ’
681 4075 734 4111 v.
783 4059 839 4110 et
882 4056 1126 4113 fortassis
1167 4057 1229 4113 O.
1404 4061 1486 4116 τίς
1535 4057 1598 4112 δέ
1649 4058 1727 4127 σε]
1774 4061 1855 4115 τίς
1907 4056 2006 4112 δαί
2054 4079 2112 4113 σε
2149 4058 2266 4128 BO,
2314 4064 2374 4112 τί
2419 4058 2482 4112 δέ
2521 4080 2579 4113 σε

502 4148 556 4198 Ψ
602 4144 693 4213 (Ῥ).
873 4145 1011 4214 ἔρως
1060 4145 1159 4197 τοῦ
1221 4143 1471 4197 θανάτου
1527 4144 1736 4198 ΒΟΦΨ
1781 4146 1837 4198 et
1882 4162 1937 4212 V,
1982 4147 2082 4198 τοῦ
2138 4146 2392 4200 θανάτου
2444 4146 2584 4213 ἔρως

494 4230 655 4290 mm
690 4247 816 4285 oum
850 4230 1050 4285 Thema
1082 4248 1134 4300 p.
1158 4235 1245 4299 42,
1271 4237 1352 4289 11.
1532 4231 1634 4284 οὐκ
1670 4224 1739 4300 ἧν
1776 4232 1859 4284 ἔτι
1892 4231 1999 4298 ἡδὺ
2041 4230 2347 4287 ἀπολαύειν
2381 4233 2581 4289 ΒΟΨΦ

492 4321 547 4372 et
581 4336 635 4388 V,
675 4317 841 4373 οὐδέν
876 4340 932 4371 τι
964 4317 1072 4387 ἡδὺ
1114 4316 1394 4372 ἀπέλαυον
1430 4318 1610 4376 ἨΜΩ.
1793 4318 1985 4389 ἔγωγε]
2029 4320 2131 4390 ἔγω
2172 4320 2295 4391 (sio)
2335 4320 2401 4379 521.

496 4405 590 4474 σῦχ
630 4403 861 4475 ἁπλοῦν]
902 4404 966 4459 σύ
1004 4404 1209 4459 ταύτὸν
1245 4390 1368 4464 2152ss
1535 4403 1596 4459 δὲ
1637 4406 1750 4469 ζῶν
1787 4405 1876 4460 ἀεὶ
1913 4415 2003 4459 καὶ
2043 4407 2343 4461 ἀπολαύων
2376 4407 2589 4467 ΒΟΞῐΨ

494 4494 550 4547 et
572 4511 626 4562 v,
664 4494 758 4547 sed
792 4494 936 4548 reete
976 4491 1029 4547 δ’
1061 4494 1201 4557 ἔζων
1237 4491 1324 4564 (δέ
1364 4494 1504 4557 ἔζων
1532 4494 1610 4564 Φ)
1649 4493 1737 4548 ἀεὶ
1775 4501 1866 4547 καὶ
1905 4493 2186 4549 ἀπέλαυον
2224 4493 2404 4549 ΦΜΩ.
