<?xml version="1.0" encoding="UTF-8"?>
<!DOCTYPE html PUBLIC "-//W3C//DTD XHTML 1.0 Transitional//EN"
    "http://www.w3.org/TR/xhtml1/DTD/xhtml1-transitional.dtd">
<html xmlns="http://www.w3.org/1999/xhtml" xml:lang="en" lang="en">
 <head>
  <title>
</title>
<meta http-equiv="Content-Type" content="text/html;charset=utf-8" />
  <meta name='ocr-system' content='tesseract 3.04.00' />
  <meta name='ocr-capabilities' content='ocr_page ocr_carea ocr_par ocr_line ocrx_word'/>
</head>
<body>
  <div class='ocr_page' id='page_1' title='image "./lucianussamosat01fritgoog_0363.png"; bbox 0 0 3099 5241; ppageno 0'>
   <div class='ocr_carea' id='block_1_1' title="bbox 1249 407 2545 465">
    <p class='ocr_par' dir='ltr' id='par_1_1' title="bbox 1249 407 2545 465">
     <span class='ocr_line' id='line_1_1' title="bbox 1249 407 2545 465; baseline 0.002 -3"><span class='ocrx_word' id='word_1_1' title='bbox 1249 407 1754 465; x_wconf 82' lang='lat' dir='ltr'>PEDESTRIBUS.</span> <span class='ocrx_word' id='word_1_2' title='bbox 2278 410 2545 465; x_wconf 84' lang='lat' dir='ltr'>LXXXV</span> 
     </span>
    </p>
   </div>
   <div class='ocr_carea' id='block_1_2' title="bbox 455 584 2567 4238">
    <p class='ocr_par' dir='ltr' id='par_1_2' title="bbox 455 584 2567 4238">
     <span class='ocr_line' id='line_1_2' title="bbox 457 584 2545 672; baseline 0.001 -21"><span class='ocrx_word' id='word_1_3' title='bbox 457 606 581 671; x_wconf 89' lang='lat' dir='ltr'>que</span> <span class='ocrx_word' id='word_1_4' title='bbox 647 587 894 670; x_wconf 88' lang='lat' dir='ltr'>primus</span> <span class='ocrx_word' id='word_1_5' title='bbox 981 589 1128 650; x_wconf 89' lang='lat' dir='ltr'>ante</span> <span class='ocrx_word' id='word_1_6' title='bbox 1209 584 1554 650; x_wconf 87' lang='lat' dir='ltr'>Isocratem</span> <span class='ocrx_word' id='word_1_7' title='bbox 1619 585 2131 668; x_wconf 82' lang='lat' dir='ltr'><strong>Thrasymachus</strong></span> <span class='ocrx_word' id='word_1_8' title='bbox 2208 587 2545 672; x_wconf 80' lang='lat' dir='ltr'>intellexit,</span> 
     </span>
     <span class='ocr_line' id='line_1_3' title="bbox 455 690 2547 776; baseline 0 -21"><span class='ocrx_word' id='word_1_9' title='bbox 455 691 729 755; x_wconf 89' lang='lat' dir='ltr'>solutam</span> <span class='ocrx_word' id='word_1_10' title='bbox 777 711 1036 775; x_wconf 89' lang='lat' dir='ltr'>quoque</span> <span class='ocrx_word' id='word_1_11' title='bbox 1081 693 1430 756; x_wconf 89' lang='lat' dir='ltr'>orationem</span> <span class='ocrx_word' id='word_1_12' title='bbox 1485 692 1773 755; x_wconf 90' lang='lat' dir='ltr'>numeris</span> <span class='ocrx_word' id='word_1_13' title='bbox 1821 690 2213 776; x_wconf 87' lang='lat' dir='ltr'>quibusdam</span> <span class='ocrx_word' id='word_1_14' title='bbox 2258 697 2547 776; x_wconf 78' lang='lat' dir='ltr'>oportere</span> 
     </span>
     <span class='ocr_line' id='line_1_4' title="bbox 455 793 2548 880; baseline 0 -21"><span class='ocrx_word' id='word_1_15' title='bbox 455 794 787 878; x_wconf 84' lang='lat' dir='ltr'>adstringi.</span> <span class='ocrx_word' id='word_1_16' title='bbox 895 793 992 858; x_wconf 89' lang='lat' dir='ltr'>De</span> <span class='ocrx_word' id='word_1_17' title='bbox 1038 795 1157 859; x_wconf 94' lang='lat' dir='ltr'>hoc</span> <span class='ocrx_word' id='word_1_18' title='bbox 1202 796 1402 880; x_wconf 85' lang='lat' dir='ltr'>igitur</span> <span class='ocrx_word' id='word_1_19' title='bbox 1444 814 1864 860; x_wconf 90' lang='lat' dir='ltr'>numerorum</span> <span class='ocrx_word' id='word_1_20' title='bbox 1908 814 2141 879; x_wconf 86' lang='lat' dir='ltr'>genere</span> <span class='ocrx_word' id='word_1_21' title='bbox 2186 816 2365 860; x_wconf 88' lang='lat' dir='ltr'>nunc</span> <span class='ocrx_word' id='word_1_22' title='bbox 2406 795 2548 861; x_wconf 84' lang='lat' dir='ltr'>bre-</span> 
     </span>
     <span class='ocr_line' id='line_1_5' title="bbox 456 899 2547 984; baseline 0.002 -23"><span class='ocrx_word' id='word_1_23' title='bbox 456 901 618 965; x_wconf 87' lang='lat' dir='ltr'>viter</span> <span class='ocrx_word' id='word_1_24' title='bbox 676 901 904 981; x_wconf 89' lang='lat' dir='ltr'>dicam,</span> <span class='ocrx_word' id='word_1_25' title='bbox 963 901 1187 964; x_wconf 88' lang='lat' dir='ltr'>multis</span> <span class='ocrx_word' id='word_1_26' title='bbox 1248 899 1326 965; x_wconf 91' lang='lat' dir='ltr'>de</span> <span class='ocrx_word' id='word_1_27' title='bbox 1383 900 1709 964; x_wconf 89' lang='lat' dir='ltr'>industria</span> <span class='ocrx_word' id='word_1_28' title='bbox 1752 900 2011 982; x_wconf 89' lang='lat' dir='ltr'>relictis,</span> <span class='ocrx_word' id='word_1_29' title='bbox 2077 921 2241 984; x_wconf 86' lang='lat' dir='ltr'>quae</span> <span class='ocrx_word' id='word_1_30' title='bbox 2284 901 2547 966; x_wconf 89' lang='lat' dir='ltr'>fortasse</span> 
     </span>
     <span class='ocr_line' id='line_1_6' title="bbox 455 997 2550 1089; baseline 0 -21"><span class='ocrx_word' id='word_1_31' title='bbox 455 997 609 1068; x_wconf 90' lang='lat' dir='ltr'>mox</span> <span class='ocrx_word' id='word_1_32' title='bbox 676 1004 779 1067; x_wconf 85' lang='lat' dir='ltr'>alii</span> <span class='ocrx_word' id='word_1_33' title='bbox 850 1003 1117 1068; x_wconf 90' lang='lat' dir='ltr'>uberius</span> <span class='ocrx_word' id='word_1_34' title='bbox 1196 1011 1654 1089; x_wconf 88' lang='lat' dir='ltr'>exsequentur.</span> <span class='ocrx_word' id='word_1_35' title='bbox 1766 1003 1934 1069; x_wconf 91' lang='lat' dir='ltr'>Nam</span> <span class='ocrx_word' id='word_1_36' title='bbox 2002 1013 2065 1070; x_wconf 90' lang='lat' dir='ltr'>et</span> <span class='ocrx_word' id='word_1_37' title='bbox 2130 1004 2422 1088; x_wconf 86' lang='lat' dir='ltr'>jucunda</span> <span class='ocrx_word' id='word_1_38' title='bbox 2488 1008 2550 1069; x_wconf 89' lang='lat' dir='ltr'>et</span> 
     </span>
     <span class='ocr_line' id='line_1_7' title="bbox 461 1108 2550 1194; baseline 0 -21"><span class='ocrx_word' id='word_1_39' title='bbox 461 1108 687 1173; x_wconf 87' lang='lat' dir='ltr'>eadem</span> <span class='ocrx_word' id='word_1_40' title='bbox 745 1128 899 1172; x_wconf 90' lang='lat' dir='ltr'>sane</span> <span class='ocrx_word' id='word_1_41' title='bbox 954 1110 1168 1193; x_wconf 87' lang='lat' dir='ltr'>gravis</span> <span class='ocrx_word' id='word_1_42' title='bbox 1232 1129 1334 1174; x_wconf 90' lang='lat' dir='ltr'>res</span> <span class='ocrx_word' id='word_1_43' title='bbox 1401 1114 1499 1175; x_wconf 92' lang='lat' dir='ltr'>est</span> <span class='ocrx_word' id='word_1_44' title='bbox 1565 1129 1772 1194; x_wconf 87' lang='lat' dir='ltr'>eoque</span> <span class='ocrx_word' id='word_1_45' title='bbox 1838 1110 2111 1193; x_wconf 85' lang='lat' dir='ltr'>gravior,</span> <span class='ocrx_word' id='word_1_46' title='bbox 2180 1109 2351 1194; x_wconf 90' lang='lat' dir='ltr'>quod</span> <span class='ocrx_word' id='word_1_47' title='bbox 2417 1129 2550 1173; x_wconf 90' lang='lat' dir='ltr'>non</span> 
     </span>
     <span class='ocr_line' id='line_1_8' title="bbox 461 1212 2550 1298; baseline 0 -22"><span class='ocrx_word' id='word_1_48' title='bbox 461 1212 670 1276; x_wconf 88' lang='lat' dir='ltr'>solum</span> <span class='ocrx_word' id='word_1_49' title='bbox 738 1212 818 1276; x_wconf 89' lang='lat' dir='ltr'>ad</span> <span class='ocrx_word' id='word_1_50' title='bbox 884 1232 1178 1296; x_wconf 82' lang='lat' dir='ltr'>graecam</span> <span class='ocrx_word' id='word_1_51' title='bbox 1242 1213 1532 1298; x_wconf 82' lang='lat' dir='ltr'>linguam</span> <span class='ocrx_word' id='word_1_52' title='bbox 1592 1214 1862 1279; x_wconf 87' lang='lat' dir='ltr'>refertur</span> <span class='ocrx_word' id='word_1_53' title='bbox 1918 1233 2146 1278; x_wconf 84' lang='lat' dir='ltr'>verum</span> <span class='ocrx_word' id='word_1_54' title='bbox 2212 1215 2404 1279; x_wconf 88' lang='lat' dir='ltr'>etiam</span> <span class='ocrx_word' id='word_1_55' title='bbox 2470 1212 2550 1279; x_wconf 87' lang='lat' dir='ltr'>ad</span> 
     </span>
     <span class='ocr_line' id='line_1_9' title="bbox 457 1316 2549 1403; baseline 0.001 -22"><span class='ocrx_word' id='word_1_56' title='bbox 457 1317 740 1381; x_wconf 89' lang='lat' dir='ltr'>latinam.</span> <span class='ocrx_word' id='word_1_57' title='bbox 832 1316 1210 1382; x_wconf 88' lang='lat' dir='ltr'>Proficiscar</span> <span class='ocrx_word' id='word_1_58' title='bbox 1266 1325 1482 1383; x_wconf 87' lang='lat' dir='ltr'>autem</span> <span class='ocrx_word' id='word_1_59' title='bbox 1543 1337 1722 1383; x_wconf 88' lang='lat' dir='ltr'>nunc</span> <span class='ocrx_word' id='word_1_60' title='bbox 1781 1338 1818 1382; x_wconf 91' lang='lat' dir='ltr'>a</span> <span class='ocrx_word' id='word_1_61' title='bbox 1872 1316 2152 1402; x_wconf 79' lang='lat' dir='ltr'>GraeciS,</span> <span class='ocrx_word' id='word_1_62' title='bbox 2214 1339 2251 1383; x_wconf 87' lang='lat' dir='ltr'>a</span> <span class='ocrx_word' id='word_1_63' title='bbox 2312 1317 2549 1403; x_wconf 90' lang='lat' dir='ltr'>quibus</span> 
     </span>
     <span class='ocr_line' id='line_1_10' title="bbox 461 1422 2551 1507; baseline 0 -20"><span class='ocrx_word' id='word_1_64' title='bbox 461 1422 618 1487; x_wconf 88' lang='lat' dir='ltr'>haec</span> <span class='ocrx_word' id='word_1_65' title='bbox 684 1441 785 1486; x_wconf 89' lang='lat' dir='ltr'>res</span> <span class='ocrx_word' id='word_1_66' title='bbox 853 1426 984 1486; x_wconf 91' lang='lat' dir='ltr'>tota</span> <span class='ocrx_word' id='word_1_67' title='bbox 1042 1423 1320 1507; x_wconf 91' lang='lat' dir='ltr'>primum</span> <span class='ocrx_word' id='word_1_68' title='bbox 1380 1423 1662 1506; x_wconf 83' lang='lat' dir='ltr'>profecta</span> <span class='ocrx_word' id='word_1_69' title='bbox 1717 1427 1832 1504; x_wconf 87' lang='lat' dir='ltr'>est,</span> <span class='ocrx_word' id='word_1_70' title='bbox 1898 1423 1964 1486; x_wconf 91' lang='lat' dir='ltr'>id</span> <span class='ocrx_word' id='word_1_71' title='bbox 2034 1428 2131 1487; x_wconf 89' lang='lat' dir='ltr'>est</span> <span class='ocrx_word' id='word_1_72' title='bbox 2189 1444 2227 1487; x_wconf 89' lang='lat' dir='ltr'>a</span> <span class='ocrx_word' id='word_1_73' title='bbox 2280 1423 2551 1505; x_wconf 88' lang='lat' dir='ltr'>Thrasy-</span> 
     </span>
     <span class='ocr_line' id='line_1_11' title="bbox 460 1525 2550 1612; baseline 0 -20"><span class='ocrx_word' id='word_1_74' title='bbox 460 1527 703 1592; x_wconf 83' lang='lat' dir='ltr'>macho.</span> <span class='ocrx_word' id='word_1_75' title='bbox 784 1525 948 1592; x_wconf 85' lang='lat' dir='ltr'>Cum</span> <span class='ocrx_word' id='word_1_76' title='bbox 991 1528 1332 1592; x_wconf 79' lang='lat' dir='ltr'>Aristotele</span> <span class='ocrx_word' id='word_1_77' title='bbox 1376 1529 1447 1591; x_wconf 92' lang='lat' dir='ltr'>in</span> <span class='ocrx_word' id='word_1_78' title='bbox 1493 1527 1768 1612; x_wconf 83' lang='lat' dir='ltr'>Sophist.</span> <span class='ocrx_word' id='word_1_79' title='bbox 1813 1527 2075 1592; x_wconf 85' lang='lat' dir='ltr'>Elench.</span> <span class='ocrx_word' id='word_1_80' title='bbox 2108 1527 2432 1611; x_wconf 87' lang='lat' dir='ltr'>XXXIV,</span> <span class='ocrx_word' id='word_1_81' title='bbox 2475 1527 2550 1593; x_wconf 64' lang='grc' dir='ltr'>ὅτ’</span> 
     </span>
     <span class='ocr_line' id='line_1_12' title="bbox 473 1627 2550 1718; baseline 0 -24"><span class='ocrx_word' id='word_1_82' title='bbox 473 1628 700 1702; x_wconf 73' lang='grc' dir='ltr'><em>Τισίας</em></span> <span class='ocrx_word' id='word_1_83' title='bbox 758 1633 882 1712; x_wconf 77' lang='grc' dir='ltr'>μὲν</span> <span class='ocrx_word' id='word_1_84' title='bbox 941 1627 1109 1711; x_wconf 76' lang='grc' dir='ltr'>μετὰ</span> <span class='ocrx_word' id='word_1_85' title='bbox 1168 1628 1321 1704; x_wconf 73' lang='grc' dir='ltr'>τούς</span> <span class='ocrx_word' id='word_1_86' title='bbox 1381 1627 1708 1714; x_wconf 69' lang='grc' dir='ltr'><em>πρώτους,</em></span> <span class='ocrx_word' id='word_1_87' title='bbox 1768 1627 2212 1718; x_wconf 74' lang='grc' dir='ltr'><em>Θρασύμαχος</em></span> <span class='ocrx_word' id='word_1_88' title='bbox 2269 1629 2337 1695; x_wconf 73' lang='grc' dir='ltr'>δὲ</span> <span class='ocrx_word' id='word_1_89' title='bbox 2380 1629 2550 1713; x_wconf 77' lang='grc' dir='ltr'>μετὰ</span> 
     </span>
     <span class='ocr_line' id='line_1_13' title="bbox 473 1730 2551 1820; baseline 0 -20"><span class='ocrx_word' id='word_1_90' title='bbox 473 1735 540 1800; x_wconf 89' lang='lat' dir='ltr'><em>T</em></span> <span class='ocrx_word' id='word_1_91' title='bbox 533 1735 730 1812; x_wconf 76' lang='grc' dir='ltr'><em>ισιάν,</em></span> <span class='ocrx_word' id='word_1_92' title='bbox 802 1730 1144 1818; x_wconf 72' lang='grc' dir='ltr'><em>Θεόδωρος</em></span> <span class='ocrx_word' id='word_1_93' title='bbox 1205 1733 1275 1800; x_wconf 72' lang='grc' dir='ltr'>δὲ</span> <span class='ocrx_word' id='word_1_94' title='bbox 1329 1732 1500 1818; x_wconf 75' lang='grc' dir='ltr'>μετὰ</span> <span class='ocrx_word' id='word_1_95' title='bbox 1560 1742 1801 1799; x_wconf 79' lang='grc' dir='ltr'><em>τοῦτον</em></span> <span class='ocrx_word' id='word_1_96' title='bbox 1857 1759 1913 1800; x_wconf 83' lang='grc' dir='ltr'>κ.</span> <span class='ocrx_word' id='word_1_97' title='bbox 1978 1760 2036 1800; x_wconf 86' lang='grc' dir='ltr'>τ.</span> <span class='ocrx_word' id='word_1_98' title='bbox 2102 1741 2152 1800; x_wconf 85' lang='grc' dir='ltr'>ἑ.</span> <span class='ocrx_word' id='word_1_99' title='bbox 2221 1737 2299 1802; x_wconf 89' lang='lat' dir='ltr'>de</span> <span class='ocrx_word' id='word_1_100' title='bbox 2356 1736 2551 1820; x_wconf 84' lang='lat' dir='ltr'>hujus</span> 
     </span>
     <span class='ocr_line' id='line_1_14' title="bbox 460 1841 2550 1923; baseline 0.001 -21"><span class='ocrx_word' id='word_1_101' title='bbox 460 1842 583 1905; x_wconf 88' lang='lat' dir='ltr'>viri</span> <span class='ocrx_word' id='word_1_102' title='bbox 649 1845 852 1906; x_wconf 83' lang='lat' dir='ltr'>aetate</span> <span class='ocrx_word' id='word_1_103' title='bbox 918 1841 1086 1905; x_wconf 88' lang='lat' dir='ltr'>inter</span> <span class='ocrx_word' id='word_1_104' title='bbox 1151 1860 1374 1919; x_wconf 88' lang='lat' dir='ltr'>omnes</span> <span class='ocrx_word' id='word_1_105' title='bbox 1441 1842 1759 1923; x_wconf 87' lang='lat' dir='ltr'>convenit,</span> <span class='ocrx_word' id='word_1_106' title='bbox 1828 1860 1960 1904; x_wconf 88' lang='lat' dir='ltr'>non</span> <span class='ocrx_word' id='word_1_107' title='bbox 2026 1843 2182 1905; x_wconf 86' lang='lat' dir='ltr'>item</span> <span class='ocrx_word' id='word_1_108' title='bbox 2242 1842 2321 1906; x_wconf 90' lang='lat' dir='ltr'>de</span> <span class='ocrx_word' id='word_1_109' title='bbox 2380 1861 2550 1905; x_wconf 89' lang='lat' dir='ltr'>anno</span> 
     </span>
     <span class='ocr_line' id='line_1_15' title="bbox 460 1944 2553 2030; baseline 0 -20"><span class='ocrx_word' id='word_1_110' title='bbox 460 1947 681 2029; x_wconf 86' lang='lat' dir='ltr'>natali,</span> <span class='ocrx_word' id='word_1_111' title='bbox 751 1947 866 2030; x_wconf 84' lang='lat' dir='ltr'>qui</span> <span class='ocrx_word' id='word_1_112' title='bbox 933 1946 1184 2011; x_wconf 89' lang='lat' dir='ltr'>definiri</span> <span class='ocrx_word' id='word_1_113' title='bbox 1249 1966 1383 2010; x_wconf 90' lang='lat' dir='ltr'>non</span> <span class='ocrx_word' id='word_1_114' title='bbox 1462 1950 1688 2028; x_wconf 90' lang='lat' dir='ltr'>potest.</span> <span class='ocrx_word' id='word_1_115' title='bbox 1805 1945 2023 2022; x_wconf 80' lang='lat' dir='ltr'>Quum</span> <span class='ocrx_word' id='word_1_116' title='bbox 2089 1947 2263 2011; x_wconf 88' lang='lat' dir='ltr'>enim</span> <span class='ocrx_word' id='word_1_117' title='bbox 2325 1944 2553 2028; x_wconf 80' lang='lat' dir='ltr'>Lysias</span> 
     </span>
     <span class='ocr_line' id='line_1_16' title="bbox 461 2049 2554 2135; baseline -0 -20"><span class='ocrx_word' id='word_1_118' title='bbox 461 2056 654 2115; x_wconf 86' lang='lat' dir='ltr'>natus</span> <span class='ocrx_word' id='word_1_119' title='bbox 711 2070 851 2115; x_wconf 89' lang='lat' dir='ltr'>esse</span> <span class='ocrx_word' id='word_1_120' title='bbox 905 2052 1101 2135; x_wconf 90' lang='lat' dir='ltr'>vulgo</span> <span class='ocrx_word' id='word_1_121' title='bbox 1165 2051 1415 2114; x_wconf 90' lang='lat' dir='ltr'>dicatur</span> <span class='ocrx_word' id='word_1_122' title='bbox 1473 2049 1569 2113; x_wconf 91' lang='lat' dir='ltr'>Ol.</span> <span class='ocrx_word' id='word_1_123' title='bbox 1616 2049 1896 2134; x_wconf 86' lang='lat' dir='ltr'>LXXX,</span> <span class='ocrx_word' id='word_1_124' title='bbox 1941 2053 1983 2116; x_wconf 83' lang='lat'><strong><em>2</em></strong></span> <span class='ocrx_word' id='word_1_125' title='bbox 2029 2051 2223 2133; x_wconf 81' lang='lat'>(459),</span> <span class='ocrx_word' id='word_1_126' title='bbox 2282 2051 2554 2132; x_wconf 86' lang='lat' dir='ltr'>Thrasy-</span> 
     </span>
     <span class='ocr_line' id='line_1_17' title="bbox 464 2154 2554 2240; baseline -0.003 -15"><span class='ocrx_word' id='word_1_127' title='bbox 464 2157 730 2225; x_wconf 81' lang='lat' dir='ltr'>machus</span> <span class='ocrx_word' id='word_1_128' title='bbox 773 2155 965 2240; x_wconf 90' lang='lat' dir='ltr'>paulo</span> <span class='ocrx_word' id='word_1_129' title='bbox 1012 2160 1160 2219; x_wconf 88' lang='lat' dir='ltr'>ante</span> <span class='ocrx_word' id='word_1_130' title='bbox 1203 2155 1464 2237; x_wconf 83' lang='lat' dir='ltr'>Lysiam</span> <span class='ocrx_word' id='word_1_131' title='bbox 1507 2156 1579 2217; x_wconf 86' lang='lat' dir='ltr'>in</span> <span class='ocrx_word' id='word_1_132' title='bbox 1623 2154 1837 2220; x_wconf 90' lang='lat' dir='ltr'>lucem</span> <span class='ocrx_word' id='word_1_133' title='bbox 1878 2156 2091 2219; x_wconf 90' lang='lat' dir='ltr'>editus</span> <span class='ocrx_word' id='word_1_134' title='bbox 2131 2155 2554 2239; x_wconf 81' lang='lat' dir='ltr'>Theophrasto</span> 
     </span>
     <span class='ocr_line' id='line_1_18' title="bbox 465 2258 2556 2345; baseline -0.001 -20"><span class='ocrx_word' id='word_1_135' title='bbox 465 2280 563 2345; x_wconf 87' lang='lat' dir='ltr'>ap.</span> <span class='ocrx_word' id='word_1_136' title='bbox 626 2259 892 2342; x_wconf 87' lang='lat' dir='ltr'>Dionys.</span> <span class='ocrx_word' id='word_1_137' title='bbox 1003 2258 1101 2324; x_wconf 89' lang='lat' dir='ltr'>De</span> <span class='ocrx_word' id='word_1_138' title='bbox 1154 2258 1351 2342; x_wconf 90' lang='lat' dir='ltr'>Lysia</span> <span class='ocrx_word' id='word_1_139' title='bbox 1410 2278 1462 2322; x_wconf 91' lang='lat' dir='ltr'>c.</span> <span class='ocrx_word' id='word_1_140' title='bbox 1522 2259 1595 2340; x_wconf 86' lang='lat'>6,</span> <span class='ocrx_word' id='word_1_141' title='bbox 1673 2259 1866 2343; x_wconf 89' lang='lat' dir='ltr'>paulo</span> <span class='ocrx_word' id='word_1_142' title='bbox 1934 2265 2081 2344; x_wconf 92' lang='lat' dir='ltr'>post</span> <span class='ocrx_word' id='word_1_143' title='bbox 2146 2264 2363 2323; x_wconf 87' lang='lat' dir='ltr'>autem</span> <span class='ocrx_word' id='word_1_144' title='bbox 2428 2259 2556 2342; x_wconf 91' lang='lat' dir='ltr'>ipsi</span> 
     </span>
     <span class='ocr_line' id='line_1_19' title="bbox 462 2361 2555 2447; baseline -0.001 -20"><span class='ocrx_word' id='word_1_145' title='bbox 462 2365 702 2429; x_wconf 90' lang='lat' dir='ltr'>ibidem</span> <span class='ocrx_word' id='word_1_146' title='bbox 747 2363 1062 2445; x_wconf 90' lang='lat' dir='ltr'>Dionysio</span> <span class='ocrx_word' id='word_1_147' title='bbox 1108 2363 1447 2429; x_wconf 89' lang='lat' dir='ltr'>videbatur</span> <span class='ocrx_word' id='word_1_148' title='bbox 1506 2367 1734 2428; x_wconf 88' lang='lat' dir='ltr'>neutro</span> <span class='ocrx_word' id='word_1_149' title='bbox 1781 2363 2116 2428; x_wconf 85' lang='lat' dir='ltr'>dubitante</span> <span class='ocrx_word' id='word_1_150' title='bbox 2163 2364 2322 2447; x_wconf 89' lang='lat' dir='ltr'>quin</span> <span class='ocrx_word' id='word_1_151' title='bbox 2369 2361 2555 2426; x_wconf 89' lang='lat' dir='ltr'>ambo</span> 
     </span>
     <span class='ocr_line' id='line_1_20' title="bbox 462 2466 2556 2553; baseline -0.001 -19"><span class='ocrx_word' id='word_1_152' title='bbox 462 2470 702 2534; x_wconf 87' lang='lat' dir='ltr'>fuerint</span> <span class='ocrx_word' id='word_1_153' title='bbox 745 2469 1061 2553; x_wconf 88' lang='lat' dir='ltr'>aequales.</span> <span class='ocrx_word' id='word_1_154' title='bbox 1153 2467 1346 2553; x_wconf 83' lang='lat' dir='ltr'>Ergo,</span> <span class='ocrx_word' id='word_1_155' title='bbox 1392 2473 1467 2532; x_wconf 91' lang='lat' dir='ltr'>ut</span> <span class='ocrx_word' id='word_1_156' title='bbox 1509 2467 1675 2532; x_wconf 88' lang='lat' dir='ltr'>bene</span> <span class='ocrx_word' id='word_1_157' title='bbox 1708 2466 1926 2531; x_wconf 84' lang='lat' dir='ltr'>Cicero</span> <span class='ocrx_word' id='word_1_158' title='bbox 1956 2469 2027 2532; x_wconf 87' lang='lat' dir='ltr'>in</span> <span class='ocrx_word' id='word_1_159' title='bbox 2061 2466 2321 2532; x_wconf 86' lang='lat' dir='ltr'>Oratore</span> <span class='ocrx_word' id='word_1_160' title='bbox 2365 2486 2418 2531; x_wconf 91' lang='lat' dir='ltr'>c.</span> <span class='ocrx_word' id='word_1_161' title='bbox 2452 2467 2556 2548; x_wconf 78' lang='lat'>52,</span> 
     </span>
     <span class='ocr_line' id='line_1_21' title="bbox 464 2572 2558 2658; baseline -0.002 -19"><span class='ocrx_word' id='word_1_162' title='bbox 464 2573 804 2639; x_wconf 87' lang='lat' dir='ltr'>Isocratem</span> <span class='ocrx_word' id='word_1_163' title='bbox 867 2573 1379 2657; x_wconf 86' lang='lat' dir='ltr'>Thrasymachus</span> <span class='ocrx_word' id='word_1_164' title='bbox 1444 2572 1724 2658; x_wconf 88' lang='lat' dir='ltr'>profecto</span> <span class='ocrx_word' id='word_1_165' title='bbox 1793 2573 2044 2657; x_wconf 89' lang='lat' dir='ltr'>integra</span> <span class='ocrx_word' id='word_1_166' title='bbox 2110 2577 2311 2639; x_wconf 90' lang='lat' dir='ltr'>aetate</span> <span class='ocrx_word' id='word_1_167' title='bbox 2377 2591 2558 2657; x_wconf 88' lang='lat' dir='ltr'>prae-</span> 
     </span>
     <span class='ocr_line' id='line_1_22' title="bbox 467 2672 2558 2767; baseline -0.001 -25"><span class='ocrx_word' id='word_1_168' title='bbox 467 2680 682 2743; x_wconf 89' lang='lat' dir='ltr'>currit.</span> <span class='ocrx_word' id='word_1_169' title='bbox 794 2679 961 2743; x_wconf 88' lang='lat' dir='ltr'>Nam</span> <span class='ocrx_word' id='word_1_170' title='bbox 1017 2680 1087 2767; x_wconf 86' lang='lat' dir='ltr'>in</span> <span class='ocrx_word' id='word_1_171' title='bbox 1145 2678 1454 2743; x_wconf 88' lang='lat' dir='ltr'>laudabili</span> <span class='ocrx_word' id='word_1_172' title='bbox 1511 2682 1575 2742; x_wconf 91' lang='lat' dir='ltr'>et</span> <span class='ocrx_word' id='word_1_173' title='bbox 1631 2677 1813 2742; x_wconf 91' lang='lat' dir='ltr'>docto</span> <span class='ocrx_word' id='word_1_174' title='bbox 1873 2677 2111 2742; x_wconf 84' lang='lat' dir='ltr'>Suidae</span> <span class='ocrx_word' id='word_1_175' title='bbox 2167 2698 2215 2742; x_wconf 90' lang='lat' dir='ltr'>s.</span> <span class='ocrx_word' id='word_1_176' title='bbox 2286 2672 2558 2760; x_wconf 79' lang='grc' dir='ltr'><em>Θρασύ-</em></span> 
     </span>
     <span class='ocr_line' id='line_1_23' title="bbox 464 2780 2554 2870; baseline -0.001 -24"><span class='ocrx_word' id='word_1_177' title='bbox 464 2807 674 2870; x_wconf 79' lang='grc' dir='ltr'><em>μαχος</em></span> <span class='ocrx_word' id='word_1_178' title='bbox 738 2783 895 2866; x_wconf 88' lang='lat' dir='ltr'>loco,</span> <span class='ocrx_word' id='word_1_179' title='bbox 951 2784 1066 2867; x_wconf 89' lang='lat' dir='ltr'>qui</span> <span class='ocrx_word' id='word_1_180' title='bbox 1129 2802 1309 2848; x_wconf 90' lang='lat' dir='ltr'>nunc</span> <span class='ocrx_word' id='word_1_181' title='bbox 1374 2803 1551 2847; x_wconf 89' lang='lat' dir='ltr'>unus</span> <span class='ocrx_word' id='word_1_182' title='bbox 1613 2782 1947 2866; x_wconf 88' lang='lat' dir='ltr'>discrepat,</span> <span class='ocrx_word' id='word_1_183' title='bbox 2015 2784 2085 2846; x_wconf 90' lang='lat' dir='ltr'>in</span> <span class='ocrx_word' id='word_1_184' title='bbox 2146 2783 2248 2846; x_wconf 91' lang='lat' dir='ltr'>his</span> <span class='ocrx_word' id='word_1_185' title='bbox 2306 2780 2554 2846; x_wconf 83' lang='lat' dir='ltr'>verbis:</span> 
     </span>
     <span class='ocr_line' id='line_1_24' title="bbox 468 2881 2559 2988; baseline -0.003 -37"><span class='ocrx_word' id='word_1_186' title='bbox 468 2926 551 2937; x_wconf 85' lang='lat'>-—</span> <span class='ocrx_word' id='word_1_187' title='bbox 598 2886 1019 2988; x_wconf 72' lang='grc' dir='ltr'><em>εἰσηγήσατο·</em></span> <span class='ocrx_word' id='word_1_188' title='bbox 1069 2882 1389 2970; x_wconf 74' lang='grc' dir='ltr'><strong><em>μαθητὴς</em></strong></span> <span class='ocrx_word' id='word_1_189' title='bbox 1437 2882 1797 2958; x_wconf 78' lang='grc' dir='ltr'><em>Πλάτωνος</em></span> <span class='ocrx_word' id='word_1_190' title='bbox 1852 2892 1969 2951; x_wconf 75' lang='grc' dir='ltr'>τοῦ</span> <span class='ocrx_word' id='word_1_191' title='bbox 2031 2881 2395 2970; x_wconf 77' lang='grc' dir='ltr'><em>φιλοσόφου</em></span> <span class='ocrx_word' id='word_1_192' title='bbox 2450 2881 2559 2946; x_wconf 83' lang='grc' dir='ltr'>καὶ</span> 
     </span>
     <span class='ocr_line' id='line_1_25' title="bbox 460 2989 2558 3075; baseline -0.002 -18"><span class='ocrx_word' id='word_1_193' title='bbox 460 2989 870 3075; x_wconf 73' lang='grc' dir='ltr'><em>’[σοκοάτους</em></span> <span class='ocrx_word' id='word_1_194' title='bbox 956 2998 1072 3055; x_wconf 67' lang='grc' dir='ltr'>τοῦ</span> <span class='ocrx_word' id='word_1_195' title='bbox 1157 2989 1435 3075; x_wconf 76' lang='grc' dir='ltr'><em>ῥήτορος</em></span> <span class='ocrx_word' id='word_1_196' title='bbox 1524 2990 1861 3056; x_wconf 84' lang='lat' dir='ltr'>manifesta</span> <span class='ocrx_word' id='word_1_197' title='bbox 1955 2991 2189 3055; x_wconf 80' lang='lat' dir='ltr'>lacuna</span> <span class='ocrx_word' id='word_1_198' title='bbox 2265 2990 2558 3054; x_wconf 86' lang='lat' dir='ltr'>nondum</span> 
     </span>
     <span class='ocr_line' id='line_1_26' title="bbox 467 3091 2560 3181; baseline -0.003 -20"><span class='ocrx_word' id='word_1_199' title='bbox 467 3099 724 3164; x_wconf 86' lang='lat' dir='ltr'>videtur</span> <span class='ocrx_word' id='word_1_200' title='bbox 767 3097 1214 3163; x_wconf 84' lang='lat' dir='ltr'>animadversa</span> <span class='ocrx_word' id='word_1_201' title='bbox 1257 3116 1414 3162; x_wconf 87' lang='lat' dir='ltr'>esse.</span> <span class='ocrx_word' id='word_1_202' title='bbox 1507 3095 1784 3181; x_wconf 82' lang='lat' dir='ltr'>Supple:</span> <span class='ocrx_word' id='word_1_203' title='bbox 1850 3091 2273 3181; x_wconf 75' lang='grc' dir='ltr'><em>εἰσηγήσατο·</em></span> <span class='ocrx_word' id='word_1_204' title='bbox 2322 3099 2560 3178; x_wconf 80' lang='grc' dir='ltr'><strong><em>μαθη-</em></strong></span> 
     </span>
     <span class='ocr_line' id='line_1_27' title="bbox 466 3194 2554 3289; baseline -0.003 -22"><span class='ocrx_word' id='word_1_205' title='bbox 466 3198 585 3285; x_wconf 70' lang='grc' dir='ltr'>τής</span> <span class='ocrx_word' id='word_1_206' title='bbox 650 3202 749 3287; x_wconf 91' lang='grc' dir='ltr'>[Γ</span> <span class='ocrx_word' id='word_1_207' title='bbox 744 3224 997 3289; x_wconf 79' lang='grc' dir='ltr'><em>οργιου</em></span> <span class='ocrx_word' id='word_1_208' title='bbox 1073 3195 1459 3275; x_wconf 65' lang='grc' dir='ltr'><em>διδάσκαὶος</em></span> <span class='ocrx_word' id='word_1_209' title='bbox 1529 3198 1623 3284; x_wconf 76' lang='grc' dir='ltr'>δὲ]</span> <span class='ocrx_word' id='word_1_210' title='bbox 1699 3195 2062 3273; x_wconf 81' lang='grc' dir='ltr'><em>Πλάτωνος</em></span> <span class='ocrx_word' id='word_1_211' title='bbox 2117 3224 2175 3262; x_wconf 84' lang='grc' dir='ltr'>τ.</span> <span class='ocrx_word' id='word_1_212' title='bbox 2239 3223 2308 3282; x_wconf 83' lang='grc' dir='ltr'>φ.</span> <span class='ocrx_word' id='word_1_213' title='bbox 2370 3221 2429 3261; x_wconf 88' lang='grc' dir='ltr'>κ.</span> <span class='ocrx_word' id='word_1_214' title='bbox 2481 3194 2554 3261; x_wconf 89' lang='lat' dir='ltr'>’.J</span> 
     </span>
     <span class='ocr_line' id='line_1_28' title="bbox 468 3302 2562 3391; baseline -0.003 -20"><span class='ocrx_word' id='word_1_215' title='bbox 468 3332 528 3371; x_wconf 82' lang='grc' dir='ltr'>τ.</span> <span class='ocrx_word' id='word_1_216' title='bbox 604 3308 663 3391; x_wconf 80' lang='grc' dir='ltr'>ῤ.</span> <span class='ocrx_word' id='word_1_217' title='bbox 779 3306 948 3371; x_wconf 90' lang='lat' dir='ltr'>Nam</span> <span class='ocrx_word' id='word_1_218' title='bbox 1025 3311 1090 3371; x_wconf 90' lang='lat' dir='ltr'>et</span> <span class='ocrx_word' id='word_1_219' title='bbox 1167 3306 1347 3372; x_wconf 89' lang='lat' dir='ltr'>Plato</span> <span class='ocrx_word' id='word_1_220' title='bbox 1428 3311 1491 3370; x_wconf 90' lang='lat' dir='ltr'>et</span> <span class='ocrx_word' id='word_1_221' title='bbox 1573 3306 1882 3371; x_wconf 89' lang='lat' dir='ltr'>Isocrates</span> <span class='ocrx_word' id='word_1_222' title='bbox 1948 3306 2064 3368; x_wconf 80' lang='lat' dir='ltr'>vix</span> <span class='ocrx_word' id='word_1_223' title='bbox 2142 3324 2217 3367; x_wconf 90' lang='lat' dir='ltr'>ac</span> <span class='ocrx_word' id='word_1_224' title='bbox 2296 3322 2379 3367; x_wconf 89' lang='lat' dir='ltr'>ne</span> <span class='ocrx_word' id='word_1_225' title='bbox 2444 3302 2562 3365; x_wconf 83' lang='lat' dir='ltr'>vix</span> 
     </span>
     <span class='ocr_line' id='line_1_29' title="bbox 473 3408 2562 3497; baseline -0.003 -20"><span class='ocrx_word' id='word_1_226' title='bbox 473 3413 733 3497; x_wconf 87' lang='lat' dir='ltr'>quidem</span> <span class='ocrx_word' id='word_1_227' title='bbox 811 3431 1155 3476; x_wconf 87' lang='lat' dir='ltr'>numerum</span> <span class='ocrx_word' id='word_1_228' title='bbox 1238 3414 1583 3476; x_wconf 88' lang='lat' dir='ltr'>oratorium</span> <span class='ocrx_word' id='word_1_229' title='bbox 1663 3410 1744 3475; x_wconf 87' lang='lat' dir='ltr'>ab</span> <span class='ocrx_word' id='word_1_230' title='bbox 1812 3410 1937 3474; x_wconf 91' lang='lat' dir='ltr'>alio</span> <span class='ocrx_word' id='word_1_231' title='bbox 2018 3409 2262 3473; x_wconf 88' lang='lat' dir='ltr'>discere</span> <span class='ocrx_word' id='word_1_232' title='bbox 2328 3408 2459 3487; x_wconf 91' lang='lat' dir='ltr'>nisi</span> <span class='ocrx_word' id='word_1_233' title='bbox 2524 3427 2562 3470; x_wconf 88' lang='lat' dir='ltr'>a</span> 
     </span>
     <span class='ocr_line' id='line_1_30' title="bbox 469 3512 2557 3601; baseline -0.002 -20"><span class='ocrx_word' id='word_1_234' title='bbox 469 3517 936 3599; x_wconf 86' lang='lat' dir='ltr'>Thrasymacho</span> <span class='ocrx_word' id='word_1_235' title='bbox 972 3520 1284 3600; x_wconf 89' lang='lat' dir='ltr'>poterant,</span> <span class='ocrx_word' id='word_1_236' title='bbox 1332 3518 1446 3601; x_wconf 89' lang='lat' dir='ltr'>qui</span> <span class='ocrx_word' id='word_1_237' title='bbox 1490 3517 1669 3580; x_wconf 88' lang='lat' dir='ltr'>hunc</span> <span class='ocrx_word' id='word_1_238' title='bbox 1711 3516 1928 3600; x_wconf 87' lang='lat' dir='ltr'>ipsum</span> <span class='ocrx_word' id='word_1_239' title='bbox 1974 3534 2321 3579; x_wconf 90' lang='lat' dir='ltr'>numerum</span> <span class='ocrx_word' id='word_1_240' title='bbox 2365 3512 2557 3577; x_wconf 90' lang='lat' dir='ltr'>modo</span> 
     </span>
     <span class='ocr_line' id='line_1_31' title="bbox 470 3617 2562 3707; baseline -0.002 -20"><span class='ocrx_word' id='word_1_241' title='bbox 470 3624 718 3707; x_wconf 86' lang='lat' dir='ltr'>primus</span> <span class='ocrx_word' id='word_1_242' title='bbox 804 3622 1154 3685; x_wconf 89' lang='lat' dir='ltr'>invenerat.</span> <span class='ocrx_word' id='word_1_243' title='bbox 1302 3620 1690 3685; x_wconf 88' lang='lat' dir='ltr'>Obtrectatio</span> <span class='ocrx_word' id='word_1_244' title='bbox 1780 3625 1997 3685; x_wconf 91' lang='lat' dir='ltr'>autem</span> <span class='ocrx_word' id='word_1_245' title='bbox 2100 3617 2562 3701; x_wconf 90' lang='lat' dir='ltr'>discipulorum</span> 
     </span>
     <span class='ocr_line' id='line_1_32' title="bbox 471 3722 2564 3811; baseline -0.004 -20"><span class='ocrx_word' id='word_1_246' title='bbox 471 3746 684 3811; x_wconf 89' lang='lat' dir='ltr'>neque</span> <span class='ocrx_word' id='word_1_247' title='bbox 751 3746 920 3791; x_wconf 80' lang='lat' dir='ltr'>nova</span> <span class='ocrx_word' id='word_1_248' title='bbox 986 3731 1081 3791; x_wconf 91' lang='lat' dir='ltr'>est</span> <span class='ocrx_word' id='word_1_249' title='bbox 1148 3731 1210 3791; x_wconf 92' lang='lat' dir='ltr'>et</span> <span class='ocrx_word' id='word_1_250' title='bbox 1273 3727 1343 3789; x_wconf 87' lang='lat' dir='ltr'>in</span> <span class='ocrx_word' id='word_1_251' title='bbox 1409 3725 1679 3790; x_wconf 89' lang='lat' dir='ltr'>Platone</span> <span class='ocrx_word' id='word_1_252' title='bbox 1745 3727 1875 3789; x_wconf 91' lang='lat' dir='ltr'>acri</span> <span class='ocrx_word' id='word_1_253' title='bbox 1944 3723 2374 3808; x_wconf 90' lang='lat' dir='ltr'>sophistarum</span> <span class='ocrx_word' id='word_1_254' title='bbox 2439 3722 2564 3785; x_wconf 91' lang='lat' dir='ltr'>ini-</span> 
     </span>
     <span class='ocr_line' id='line_1_33' title="bbox 472 3827 2563 3913; baseline -0.002 -18"><span class='ocrx_word' id='word_1_255' title='bbox 472 3834 638 3896; x_wconf 88' lang='lat' dir='ltr'>mico</span> <span class='ocrx_word' id='word_1_256' title='bbox 705 3832 809 3896; x_wconf 85' lang='lat' dir='ltr'>vel</span> <span class='ocrx_word' id='word_1_257' title='bbox 883 3831 1027 3895; x_wconf 88' lang='lat' dir='ltr'>ideo</span> <span class='ocrx_word' id='word_1_258' title='bbox 1106 3831 1495 3913; x_wconf 83' lang='lat' dir='ltr'>excusatior,</span> <span class='ocrx_word' id='word_1_259' title='bbox 1577 3830 1746 3913; x_wconf 88' lang='lat' dir='ltr'>quod</span> <span class='ocrx_word' id='word_1_260' title='bbox 1825 3848 1957 3893; x_wconf 91' lang='lat' dir='ltr'>non</span> <span class='ocrx_word' id='word_1_261' title='bbox 2037 3834 2168 3893; x_wconf 88' lang='lat' dir='ltr'>tam</span> <span class='ocrx_word' id='word_1_262' title='bbox 2246 3827 2563 3892; x_wconf 88' lang='lat' dir='ltr'>rhetorem</span> 
     </span>
     <span class='ocr_line' id='line_1_34' title="bbox 472 3930 2565 4021; baseline -0.003 -20"><span class='ocrx_word' id='word_1_263' title='bbox 472 3938 849 4021; x_wconf 85' lang='lat' dir='ltr'>magistrum</span> <span class='ocrx_word' id='word_1_264' title='bbox 938 3936 1156 4001; x_wconf 88' lang='lat' dir='ltr'>oderat</span> <span class='ocrx_word' id='word_1_265' title='bbox 1244 3955 1439 4020; x_wconf 87' lang='lat' dir='ltr'>quam</span> <span class='ocrx_word' id='word_1_266' title='bbox 1531 3934 1812 3999; x_wconf 89' lang='lat' dir='ltr'>eundem</span> <span class='ocrx_word' id='word_1_267' title='bbox 1896 3932 2261 4017; x_wconf 83' lang='lat' dir='ltr'>sophistam.</span> <span class='ocrx_word' id='word_1_268' title='bbox 2395 3930 2565 3994; x_wconf 89' lang='lat' dir='ltr'>Nam</span> 
     </span>
     <span class='ocr_line' id='line_1_35' title="bbox 478 4036 2565 4125; baseline -0.003 -20"><span class='ocrx_word' id='word_1_269' title='bbox 478 4061 642 4125; x_wconf 88' lang='lat' dir='ltr'>quae</span> <span class='ocrx_word' id='word_1_270' title='bbox 755 4041 833 4105; x_wconf 89' lang='lat' dir='ltr'>de</span> <span class='ocrx_word' id='word_1_271' title='bbox 919 4043 1095 4106; x_wconf 87' lang='lat' dir='ltr'>vitiis</span> <span class='ocrx_word' id='word_1_272' title='bbox 1184 4040 1640 4122; x_wconf 89' lang='lat' dir='ltr'>Thrasymachi</span> <span class='ocrx_word' id='word_1_273' title='bbox 1721 4039 2071 4118; x_wconf 90' lang='lat' dir='ltr'>Arrianus,</span> <span class='ocrx_word' id='word_1_274' title='bbox 2158 4036 2565 4117; x_wconf 79' lang='lat' dir='ltr'>ThemistiUS,</span> 
     </span>
     <span class='ocr_line' id='line_1_36' title="bbox 473 4140 2567 4238; baseline -0.005 -26"><span class='ocrx_word' id='word_1_275' title='bbox 473 4147 898 4238; x_wconf 87' lang='lat' dir='ltr'>Philostratus</span> <span class='ocrx_word' id='word_1_276' title='bbox 945 4146 1401 4230; x_wconf 87' lang='lat' dir='ltr'>declamarunt,</span> <span class='ocrx_word' id='word_1_277' title='bbox 1445 4165 1580 4209; x_wconf 91' lang='lat' dir='ltr'>non</span> <span class='ocrx_word' id='word_1_278' title='bbox 1628 4162 1711 4209; x_wconf 89' lang='lat' dir='ltr'>ex</span> <span class='ocrx_word' id='word_1_279' title='bbox 1754 4141 2116 4224; x_wconf 89' lang='lat' dir='ltr'>Aristotele,</span> <span class='ocrx_word' id='word_1_280' title='bbox 2178 4142 2293 4225; x_wconf 89' lang='lat' dir='ltr'>qui</span> <span class='ocrx_word' id='word_1_281' title='bbox 2335 4140 2567 4226; x_wconf 88' lang='lat' dir='ltr'>partim</span> 
     </span>
    </p>
   </div>
   <div class='ocr_carea' id='block_1_3' title="bbox 475 4244 2568 4442">
    <p class='ocr_par' dir='ltr' id='par_1_3' title="bbox 475 4244 2568 4442">
     <span class='ocr_line' id='line_1_37' title="bbox 475 4244 2567 4330; baseline -0.005 -13"><span class='ocrx_word' id='word_1_282' title='bbox 475 4257 728 4318; x_wconf 88' lang='lat' dir='ltr'>tantum</span> <span class='ocrx_word' id='word_1_283' title='bbox 774 4255 1113 4330; x_wconf 88' lang='lat' dir='ltr'>consentit,</span> <span class='ocrx_word' id='word_1_284' title='bbox 1174 4253 1287 4317; x_wconf 90' lang='lat' dir='ltr'>sed</span> <span class='ocrx_word' id='word_1_285' title='bbox 1331 4271 1416 4317; x_wconf 89' lang='lat' dir='ltr'>ex</span> <span class='ocrx_word' id='word_1_286' title='bbox 1458 4269 1594 4316; x_wconf 91' lang='lat' dir='ltr'>uno</span> <span class='ocrx_word' id='word_1_287' title='bbox 1640 4249 1859 4324; x_wconf 85' lang='lat' dir='ltr'>omnia</span> <span class='ocrx_word' id='word_1_288' title='bbox 1901 4247 2236 4311; x_wconf 87' lang='lat' dir='ltr'>fluxerunt</span> <span class='ocrx_word' id='word_1_289' title='bbox 2278 4244 2567 4327; x_wconf 89' lang='lat' dir='ltr'>Platone,</span> 
     </span>
     <span class='ocr_line' id='line_1_38' title="bbox 475 4347 2568 4442; baseline -0.004 -21"><span class='ocrx_word' id='word_1_290' title='bbox 475 4363 551 4422; x_wconf 91' lang='lat' dir='ltr'>ut</span> <span class='ocrx_word' id='word_1_291' title='bbox 607 4357 668 4421; x_wconf 84' lang='lat' dir='ltr'>J.</span> <span class='ocrx_word' id='word_1_292' title='bbox 720 4358 982 4423; x_wconf 84' lang='lat' dir='ltr'>Geelius</span> <span class='ocrx_word' id='word_1_293' title='bbox 1039 4359 1112 4421; x_wconf 89' lang='lat' dir='ltr'>in</span> <span class='ocrx_word' id='word_1_294' title='bbox 1173 4357 1341 4423; x_wconf 84' lang='lat' dir='ltr'>Hist.</span> <span class='ocrx_word' id='word_1_295' title='bbox 1390 4357 1583 4442; x_wconf 84' lang='lat' dir='ltr'>Soph.</span> <span class='ocrx_word' id='word_1_296' title='bbox 1640 4376 1703 4440; x_wconf 93' lang='lat' dir='ltr'>p.</span> <span class='ocrx_word' id='word_1_297' title='bbox 1751 4354 1881 4420; x_wconf 83' lang='lat'>203</span> <span class='ocrx_word' id='word_1_298' title='bbox 1938 4350 2273 4417; x_wconf 87' lang='lat' dir='ltr'>intellexit.</span> <span class='ocrx_word' id='word_1_299' title='bbox 2378 4347 2568 4413; x_wconf 82' lang='lat' dir='ltr'>Solus</span> 
     </span>
    </p>
   </div>
  </div>
 </body>
</html>
