3099 5241
1365 457 1623 507 ΤΙΜΩΝ.
1885 447 1891 452 “
2394 431 2536 500 147

455 631 763 692 τοσοῦτοι
807 626 1023 711 φίλοις
1065 624 1131 691 τί
1171 623 1418 693 παθῶν
1464 620 1588 694 οὖν
1629 624 1929 704 τοιοῦτός
1972 633 2148 696 ἐστιν
2192 627 2228 695 ό
2268 627 2544 711 ἄθλιοςς

458 727 793 818 αὐχμηρὸς
837 730 942 795 καὶ
990 728 1364 805 σκαπανεὺς
1407 731 1515 796 καὶ
1549 729 1913 817 μισθωτὸς,
1967 730 2051 808 ὥς
2090 737 2320 813 ἔοικεν,
2372 735 2542 802 οὕτω

452 834 728 921 βαρεῖαν
770 835 1147 920 καταφέρων
1191 832 1317 919 την
1362 833 1672 902 δίκελλαν.
1746 838 1807 902 8.
1853 837 2081 904 ΕΡΜ.
2136 835 2372 904 οὑτωσὶ
2413 841 2540 924 μὲν

456 940 686 1015 εἰπεῖν,
737 936 1093 1028 χρηστότης
1138 940 1484 1026 ἐπέτριψεν
1530 937 1737 1006 αὐτὸν
1780 942 1887 1005 καί
1932 941 2396 1028 φιλανθρωπία
2432 943 2540 1007 καὶ

457 1039 492 1107 ὃ
552 1040 718 1127 πρὸς
770 1039 927 1116 τούς
988 1041 1344 1129 δεομένους
1404 1044 1707 1119 ἅπαντας
1753 1042 1986 1124 οἶκτος,
2060 1043 2144 1120 ὥς
2190 1044 2260 1112 δὲ
2307 1044 2545 1132 ἀληθεῖ

456 1142 646 1234 λόγῳ,
713 1144 906 1212 ἄνοια
968 1148 1075 1212 καὶ
1136 1144 1411 1230 εὐήθεια
1471 1148 1579 1214 καὶ
1635 1146 1890 1233 ἀκρισία
1947 1149 2097 1234 περὶ
2139 1155 2271 1215 τῶν
2311 1148 2535 1235 φίλων·

455 1249 528 1324 ὃς
596 1248 676 1315 οὐ
733 1253 934 1316 συνίει
987 1247 1205 1335 κόραξι
1259 1253 1368 1317 καί
1422 1248 1635 1327 λὺκοις
1692 1248 2137 1341 χαριζόμενος,
2212 1250 2348 1317 ἀλλ’
2403 1251 2538 1320 ὑπὸ

452 1360 681 1442 γυπῶν
755 1353 1088 1421 τοσούτων
1173 1353 1207 1420 ὃ
1283 1354 1706 1449 κακοδαίμων
1771 1353 2149 1442 κειρόμενος
2212 1355 2288 1422 τὸ
2352 1349 2538 1444 ἧπαρ

454 1457 677 1543 φίλους
724 1456 888 1524 εἶναι
935 1456 1177 1533 αὐτοὺς
1220 1459 1326 1524 καὶ
1371 1458 1669 1546 ἑταίρους
1713 1458 1896 1548 ᾤετο,
1955 1458 2074 1525 ὑπ’
2122 1458 2377 1536 εὐνοίας
2420 1467 2538 1545 τῆς

453 1561 621 1647 πρὸς
677 1559 890 1629 αὐτὸν
945 1564 1289 1651 χαίροντας
1345 1570 1427 1651 τῇ
1459 1565 1676 1652 βορᾷ.
1752 1566 1794 1605 ⁴*
1861 1567 1925 1630 οἱ
1969 1563 2040 1631 δὲ
2082 1562 2164 1630 τά
2213 1562 2375 1632 ὀστᾶ
2418 1589 2537 1654 γυ·
2573 1578 2676 1634 115

452 1663 838 1751 μνώσαντες
897 1665 1171 1754 ἀκριβῶς
1217 1669 1323 1733 καὶ
1367 1665 1868 1757 περιτραγόντες
1911 1668 2017 1733 καὶ
2063 1670 2128 1735 εἴ
2161 1693 2257 1744 τις
2298 1667 2538 1753 μυελὸς

453 1773 630 1854 ἐνῆν,
681 1767 1158 1855 ἐκμυζήσαντες
1202 1771 1307 1836 καὶ
1350 1779 1593 1838 τοῦτον
1638 1766 1712 1838 εὖ
1738 1769 1921 1858 μάλα
1947 1773 2262 1858 ἐπιμελῶς
2289 1770 2534 1861 ᾤχοντο

453 1868 621 1939 αὖον
681 1872 881 1940 αὐτὸν
940 1875 1049 1940 καὶ
1091 1871 1208 1949 τὰς
1252 1874 1429 1961 ῥίζας
1470 1873 2023 1963 ὑποτετμημένον
2070 1872 2529 1954 ἀπολιπόντες,

454 1976 606 2043 οὐδὲ
625 1978 1043 2066 γνωρίζοντες
1066 1983 1160 2045 ε”τι
1180 1977 1225 2062 ἢ
1248 1979 1798 2066 προσβλέποντες,
1827 1976 2050 2046 πόθεν
2070 1976 2194 2068 γάρ
2210 2006 2238 2062 ,·
2279 1977 2356 2046 οὔ
2387 1979 2452 2047 τί
2467 1985 2532 2069 γ’

450 2224 530 2277 ita
563 2224 704 2277 enim
753 2222 781 2275 ὁ
834 2220 1032 2280 ἅθλιος
1078 2225 1206 2295 poni
1250 2222 1400 2287 solet,
1456 2224 1615 2278 etiam
1659 2224 1718 2277 in
1763 2223 1884 2289 fine,
1932 2227 1995 2279 ut
2029 2226 2093 2279 D.
2130 2226 2288 2280 Mort.
2323 2228 2375 2292 8,
2414 2229 2441 2282 1
2481 2230 2536 2280 et

450 2309 795 2379 Philopseud.
858 2311 889 2378 ἓ
935 2314 1019 2368 20.
1083 2312 1119 2366 J
1119 2312 1309 2381 upiter,·
1367 2311 1461 2380 qui
1514 2310 1810 2365 maledictis
1867 2311 2102 2366 Timonis
2161 2313 2318 2366 initio
2385 2331 2532 2368 exas-

450 2400 665 2466 peratus
702 2400 830 2462 erat,
866 2401 929 2451 ut
961 2398 1189 2467 primum
1225 2397 1290 2451 de
1325 2396 1602 2451 sacrificiis
1641 2398 1876 2451 Timonis
1910 2398 2130 2465 audivit,
2177 2399 2357 2453 subito
2392 2398 2533 2454 idem

451 2483 715 2538 delenitus
765 2485 1038 2539 Timonem
1089 2502 1244 2539 suum
1289 2484 1521 2554 adpellat
1568 2485 1863 2549 ‚miserum‘.
1944 2485 2101 2554 plane
2148 2486 2227 2539 sic
2274 2485 2530 2540 Claudius

448 2571 766 2626 Messalinae
801 2571 1069 2627 adulterae
1103 2572 1335 2643 primum
1367 2571 1534 2627 iratus
1574 2574 1671 2638 est,
1708 2571 1804 2626 sed
1835 2588 1956 2627 mox
1996 2571 2091 2628 ubi
2135 2572 2257 2627 vino
2291 2572 2530 2639 incaluit,

449 2674 623 2712 amore
658 2658 921 2713 delenitus
959 2659 1149 2728 (Tacit.
1183 2659 1376 2714 Annal.
1413 2659 1508 2724 XI,
1547 2657 1665 2726 37):
1713 2659 1798 2724 ‚iri
1835 2659 1991 2728 jubet
2036 2659 2376 2730 nuntiarique
2408 2660 2530 2714 mi-

450 2762 640 2799 serae
688 2744 832 2813 (hoc
879 2747 1054 2800 enim
1099 2746 1304 2800 verbo
1348 2763 1536 2800 usum
1581 2743 1838 2813 ferunt)
1884 2744 2160 2800 dicendam
2205 2746 2273 2801 ad
2319 2763 2531 2801 causam

447 2835 661 2902 postera
695 2833 780 2886 die
815 2832 1055 2886 adesset‘.
1199 2832 1507 2889 σκαπανεὺς
1542 2839 1639 2886 καὶ
1673 2829 1979 2901 μισθωτὸς]
2017 2838 2107 2884 καὶ
2146 2849 2231 2885 om
2265 2834 2330 2887 R.

584 2921 634 2976 8.
708 2917 1280 2987 εὖήθεια]’συνήθεια
1316 2919 1537 2974 ΑΨΡΒ..
1697 2916 1940 2988 ἀκρισία]
1979 2916 2220 2987 ἀκρασία
2254 2918 2373 2973 ΑΟ.

448 3012 579 3074 περὶ
613 3004 725 3058 τῶν
762 3002 938 3076 φίλων
971 3006 1350 3064 ΑΟΨΩΩςΡΒ
1383 3008 1439 3061 et
1473 3006 1636 3060 codex
1670 3005 1839 3061 Paria.
1872 3005 2049 3059 Fabri.
2101 3011 2235 3074 περὶ
2268 3004 2398 3063 τοὺς
2436 3008 2528 3074 φί-

451 3088 576 3148 λους
606 3111 655 3147 v.
799 3091 857 3149 ὃς
895 3091 979 3161 οὗ]
1019 3084 1113 3149 οἷς
1148 3090 1213 3146 οὗ
1249 3095 1314 3148 Β.
1459 3084 1615 3161 ἧπαρ
1635 3092 1701 3147 A.
1843 3088 2060 3162 αὐτοὺς]
2096 3099 2191 3144 καὶ
2228 3089 2426 3149 αὐτοὺς
2448 3096 2523 3144 Ψ.

586 3179 747 3248 vulgo
764 3181 889 3250 post
903 3178 1047 3248 πρὸς
1084 3177 1254 3232 αὐτὸν
1287 3180 1699 3249 interpunctum,
1736 3178 1830 3233 sed
1863 3181 2006 3233 recte
2042 3180 2166 3233 ante
2202 3176 2286 3231 ὕπ’
2311 3176 2530 3236 εὐνοίας

448 3266 783 3335 intel-pungit
817 3266 866 3320 A
900 3282 1020 3320 cum
1056 3265 1298 3334 Seagero,
1344 3266 1403 3320 id
1435 3266 1579 3336 quod
1611 3282 1709 3335 ego
1754 3265 1813 3318 in
1860 3264 1941 3320 ed.
1978 3266 2149 3335 prima
2186 3283 2239 3336 p.
2278 3269 2311 3323 6
2347 3268 2403 3319 et
2435 3266 2530 3319 alii

447 3353 799 3423 probavimus.
873 3353 1029 3407 aliter
1062 3353 1297 3408 Cobetus
1332 3353 1391 3406 in
1423 3354 1489 3408 V.
1524 3354 1587 3407 L.
1625 3370 1677 3423 p.
1714 3354 1835 3418 222,
1883 3368 1987 3421 quo
2029 3351 2210 3422 judice
2252 3355 2375 3407 ante
2407 3354 2526 3419 χαί-

450 3458 650 3507 ροντας
683 3439 938 3493 nonnulla
972 3439 1295 3495 exciderunt.
1368 3439 1461 3509 qui
1481 3439 1692 3494 videtur
1720 3438 1978 3509 ejusmodi
2007 3438 2257 3509 quiddam
2292 3440 2533 3510 suppleri-

447 3526 704 3581 voluisse:
742 3524 790 3576 ὖ.
834 3545 877 3578 ε.
916 3546 965 3578 τ.
1005 3545 1064 3579 π.
1109 3523 1279 3578 αὐτὸν
1316 3525 1402 3594 [τὰ
1438 3526 1674 3578 τοιαῦτα
1711 3521 1976 3593 δρῶντας,
2018 3522 2118 3578 οὐκ
2156 3523 2375 3596 αὐτοὺς]
2407 3528 2525 3593 χαί-

450 3631 650 3683 ροντας
683 3642 769 3663 —-.
845 3613 895 3667 si
927 3613 1066 3667 nihil
1100 3612 1311 3678 excidit,
1347 3629 1466 3667 cum
1500 3612 1743 3667 acumine
1781 3612 1988 3666 ridetur
2022 3612 2258 3667 Timonis
2294 3612 2529 3667 stultitia

448 3696 750 3767 (εὐήθεια),
807 3699 900 3769 qui
932 3700 1138 3770 putarit
1170 3699 1396 3753 amicum
1430 3702 1636 3753 certum
1669 3699 1816 3753 cerni
1847 3699 1908 3752 in
1943 3699 2119 3753 coenis
2154 3698 2332 3753 lautis.
2401 3716 2525 3754 nam

445 3786 683 3857 parasiti,
717 3803 939 3856 quorum
972 3785 1037 3839 τὸ
1076 3782 1402 3856 φιλέταιρον
1437 3803 1594 3856 saepe
1623 3786 1857 3855 jactatur
1888 3784 1971 3853 (ut
2003 3785 2069 3839 ab
2089 3785 2322 3840 Timocle
2358 3801 2401 3840 c.
2437 3803 2521 3856 ap.

445 3873 643 3929 Athen.
681 3873 761 3928 VI
793 3890 844 3942 Ρ.
881 3876 1002 3939 237,
1039 3873 1074 3926 d
1106 3891 1156 3927 v.
1193 3876 1230 3930 4
1264 3873 1329 3926 cl.
1364 3891 1411 3927 v.
1446 3870 1535 3940 10)
1570 3886 1751 3927 revera
1782 3872 1999 3927 fuerunt
2029 3870 2307 3940 τραπέζης
2346 3870 2519 3941 φίλοι,

449 3959 514 4014 de
562 3976 664 4030 quo
716 3958 859 4014 infra
902 3959 969 4014 ad
1015 3960 1046 4026 ξ
1081 3962 1152 4016 48
1199 3959 1418 4013 dicetur.
1576 3959 1704 4013 libri
1741 3959 1800 4011 εἴ
1824 3977 1907 4015 τις
1938 3963 2033 4011 καὶ
2068 3959 2218 4028 turpi
2250 3958 2523 4029 asyndeto.

446 4047 576 4101 hinc
610 4046 812 4102 Struvii
844 4047 903 4100 in
937 4048 997 4102 L.
1034 4047 1095 4101 L.
1133 4064 1185 4117 p.
1220 4049 1321 4103 231
1361 4045 1742 4117 conjecturam:
1787 4038 1842 4097 εἶ
1873 4041 1936 4097 δέ
1970 4064 2053 4101 τις
2086 4051 2181 4097 καὶ
2215 4062 2312 4114 ego
2345 4046 2405 4099 in
2438 4045 2521 4102 ed.

445 4150 523 4203 pr.
558 4150 612 4203 p.
634 4136 665 4189 7
702 4133 897 4203 aliique
929 4134 1278 4204 probavimus,
1314 4149 1417 4204 quo
1434 4132 1577 4188 facto
1607 4135 1704 4186 καί
1715 4149 1932 4205 prorsus
1969 4134 2053 4186 est
2083 4131 2291 4187 inutile.
2362 4148 2524 4201 quare

445 4219 587 4275 idem
618 4222 806 4290 postea
836 4236 932 4291 pro
970 4220 1030 4273 εἴ
1053 4239 1137 4277 τις
1169 4225 1263 4273 καὶ
1295 4223 1440 4275 recte
1476 4219 1720 4291 equidem
1751 4218 2084 4289 transposui:
2119 4224 2215 4271 καὶ
2250 4218 2310 4272 εἴ
2332 4237 2415 4276 τις
2431 4249 2516 4272 -.

604 4302 753 4376 ἐνῆν]
790 4297 861 4374 ἦν
897 4306 948 4362 d.
1109 4303 1314 4373 ὤχοντο
1353 4297 1398 4359 ὦ
1435 4326 1501 4360 ον
1540 4305 1713 4360 αὗτὸν
1757 4305 1873 4375 (sic,
1910 4305 2005 4361 sed
2039 4324 2082 4358 ω
2118 4306 2178 4360 in
2210 4303 2414 4374 rasura)
2452 4307 2516 4359 0.

588 4389 718 4447 οὐδὲ
752 4389 1198 4464 προσβλέποντες
1235 4395 1283 4445 0
1318 4396 1375 4449 et
1406 4413 1454 4461 v,
1498 4394 1596 4449 sed
1640 4390 1679 4463 ἢ
1710 4390 2157 4465 προσβλέποντες
2187 4392 2401 4449 ΑΨΡΒ
2431 4409 2520 4448 ve-

2005 4477 2109 4538 10*
