3099 5241
1281 429 1785 486 PEDESTRIBUS.
2265 430 2569 488 LXXXIX

483 608 657 678 modi
733 612 860 691 est,
946 613 1021 673 ut
1110 609 1415 673 orationis
1486 606 2032 691 Thrasymacheae
2119 610 2176 673 si
2246 628 2380 673 non
2456 630 2568 675 ex-

486 733 772 799 pressam
836 714 1184 799 imaginem
1246 718 1310 777 at
1368 712 1785 777 simulacrum
1846 712 2298 778 adumbratum
2357 715 2569 779 adhuc

484 818 840 885 videamus.
961 817 1062 882 Ac
1136 818 1216 882 de
1289 818 1580 882 numeris
1655 818 1955 902 quidem,
2046 819 2160 902 qui
2233 837 2365 882 non
2436 823 2571 884 tam

483 921 564 989 ab
632 923 938 996 universa
1011 923 1328 988 sententia
1402 942 1596 1006 quam
1674 943 1712 987 a
1776 921 1990 987 verbis
2064 923 2341 1007 singulis
2412 942 2569 1007 pen-

486 1027 673 1109 dent,
738 1027 936 1110 hujus
999 1026 1341 1111 fragmenti
1400 1046 1518 1111 ope
1573 1027 1853 1110 Judicari
1910 1046 2041 1091 non
2099 1031 2323 1111 potest.
2424 1027 2570 1092 Hoc

485 1136 701 1196 tamen
734 1131 1106 1197 adseverare
1134 1131 1305 1212 licet,
1349 1150 1677 1215 nusquam
1708 1131 1812 1194 hic
1842 1135 2154 1197 oratorem
2180 1126 2568 1217 γοργιάζειν,

485 1236 529 1299 i.
599 1254 655 1301 e.
727 1234 1000 1320 Gorgiae
1063 1237 1303 1320 figuras
1382 1235 1609 1319 putide
1672 1236 1929 1300 imitari.
2049 1235 2224 1300 Illud
2291 1255 2570 1320 quoque,

489 1340 663 1424 quod
709 1338 1069 1422 Dionysius
1128 1359 1213 1404 ex
1272 1341 1392 1404 hoc
1446 1341 1703 1424 saepius
1749 1340 2023 1425 collegit,
2084 1340 2295 1404 dicere
2338 1342 2570 1423 ausim,

487 1446 839 1510 orationem
894 1451 1039 1527 ,τῆς
1098 1441 1299 1516 ὄντως
1352 1440 1749 1526 μεσότητος(
1805 1443 1996 1510 laude
2041 1444 2302 1529 dignam
2344 1444 2570 1527 videri,

486 1549 608 1614 hoc
652 1554 750 1614 est
792 1556 921 1615 tam
954 1555 1098 1636 apte
1141 1554 1553 1634 temperatam
1597 1569 1736 1615 esse
1781 1555 1854 1614 ut
1898 1568 1981 1614 ex
2018 1554 2293 1633 utroque
2340 1568 2571 1634 genere

487 1654 672 1719 utilia
729 1654 1109 1740 decerperet.
1201 1654 1326 1721 Sed
1387 1674 1554 1740 quae
1608 1655 1762 1719 huic
1803 1653 2168 1738 'fragmento
2212 1653 2570 1736 Dionysius

487 1759 833 1843 praemisit,
894 1759 1268 1844 diligentius
1325 1759 1531 1844 placet
1589 1762 1905 1824 excutere.
2015 1758 2307 1823 Primum
2372 1759 2572 1843 igitur

487 1863 558 1927 in
617 1862 865 1928 verbis:
933 1860 974 1944 ἡ
1032 1865 1162 1945 μὲν
1223 1857 1343 1928 οὖν
1405 1857 1859 1949 Θρασυμάχου
1914 1863 2068 1937 λέξις
2125 1858 2167 1943 ἦ
2230 1857 2425 1945 λοιπῇ
2482 1899 2567 1910 —-

489 1966 744 2032 nullum
787 1969 1021 2033 vitium
1064 1973 1221 2053 puto
1263 1969 1494 2033 inesse.
1586 1967 1782 2032 Vetto
1828 1972 2043 2033 autem
2088 1968 2214 2032 sic:
2279 1966 2570 2050 ,Thrasy-

488 2072 700 2137 machi
742 2072 1038 2156 elocutiO,
1095 2091 1261 2157 quae
1306 2073 1568 2157 quidem
1615 2072 1827 2137 adhuc
1868 2072 2123 2137 exstet‘:
2186 2091 2315 2156 quo
2369 2073 2570 2156 signi-

489 2174 721 2243 ficatur
747 2196 881 2241 non
924 2178 1013 2242 ita
1042 2177 1278 2245 multas
1321 2177 1430 2241 illo
1460 2182 1742 2261 ternpore
1770 2177 2225 2258 'thrasymachi
2255 2176 2570 2241 orationes

492 2280 896 2364 superfuisse.
985 2280 1306 2366 Deinceps
1363 2286 1426 2345 et
1477 2281 1624 2346 laus
1682 2285 1748 2346 et
1788 2282 2193 2365 reprehensio
2236 2281 2376 2344 loco
2421 2299 2572 2345 con-

495 2387 738 2451 tinetur
792 2388 1057 2451 vitioso:
1120 2387 1418 2468 κέκραται
1469 2381 1594 2471 γὰρ
1642 2379 1713 2449 εὖ
1759 2387 1870 2468 (ita
1913 2385 2298 2469 Sylburgius
2356 2404 2470 2469 pro
2518 2379 2579 2447 εἶ

491 2494 554 2555 et
595 2509 754 2554 mox
794 2487 1102 2574 βουλήσει
1138 2511 1255 2575 pro
1282 2490 1603 2576 βουλέσει)
1646 2513 1787 2563 πως
1818 2489 1921 2552 καὶ
1955 2486 2114 2554 αὐτὸ
2146 2485 2221 2553 τὸ
2251 2487 2570 2575 χρήσιμον

488 2594 748 2679 εἴληφεν
813 2596 1119 2678 {antipae
1186 2590 1562 2679 δυνάμεως·
1634 2592 1719 2669 ὡς
1778 2591 1838 2659 δ’
1906 2590 2021 2659 οὐκ
2092 2595 2198 2682 ἴσῃ
2263 2590 2571 2679 βουλήσει

486 2699 802 2787 κέχρηται,
852 2699 1273 2788 παράδειγμα
1308 2704 1372 2775 ἐξ
1403 2699 1546 2771 ἑνὸς
1583 2695 2008 2788 [παραθήσω]
2044 2705 2174 2764 τῶν
2206 2697 2572 2786 δημηγορι-

420 2851 424 2855 -
487 2810 616 2880 κῶν
660 2799 868 2891 λόγων
911 2800 1086 2870 τόδε.
1180 2805 1261 2871 In
1304 2805 1435 2871 fine
1481 2826 1600 2890 ego
1643 2824 1774 2869 non
1807 2800 1999 2886 θήσω
2032 2811 2107 2870 ut
2136 2805 2245 2869 alii
2276 2805 2573 2889 supplevi

488 2909 601 2974 sed
667 2905 1075 2992 παραθήσω,
1152 2912 1327 2995 quod
1401 2912 1581 2975 vocis
1649 2905 2071 2995 παράδειγμα
2152 2909 2573 2974 similitudine

488 3014 746 3079 videtur
773 3014 1077 3081 haustum
1107 3034 1266 3080 esse.
1337 3016 1595 3081 Caetera
1625 3035 1777 3080 vero
1808 3015 2132 3100 Sauppius
2163 3015 2225 3098 (l.
2259 3014 2299 3077 l.
2333 3034 2395 3098 p.
2423 3013 2570 3095 162)

491 3120 744 3186 sanavit
798 3120 1243 3185 emendatione
1296 3121 1597 3204 palmari:
1667 3145 1724 3184 κ.
1776 3144 1837 3205 y.
1891 3144 1943 3183 ε.
1993 3143 2069 3183 π.
2128 3120 2235 3181 καὶ
2291 3112 2452 3180 αὐτὸ
2496 3112 2572 3179 τὸ

487 3216 810 3308 χρήσιμον
854 3224 1115 3306 εἴληφεν
1161 3225 1495 3308 ἑκατέρας·
1565 3221 1844 3308 δυνάμει
1906 3220 1966 3287 δ’
2019 3219 2102 3296 ὡς
2164 3219 2280 3286 οὐκ
2337 3222 2445 3309 ἴσῃ
2489 3225 2572 3305 τῇ

485 3323 797 3411 βουλήσει
851 3328 1167 3415 κέχρηται,
1227 3325 1651 3415 παράδειγμα
1696 3365 1800 3392 ———-.
1912 3327 2081 3393 Nam
2140 3323 2419 3407 δύναμις
2477 3330 2574 3391 est

494 3432 612 3515 ,vis
657 3432 1104 3517 eloquentiae‘,
1149 3440 1224 3500 ut
1265 3436 1336 3500 in
1379 3435 1537 3499 locis
1569 3434 1885 3501 Schaeferi
1928 3433 2008 3498 ad
2053 3434 2269 3518 ipsum
2299 3431 2568 3513 Dionys.

491 3534 570 3602 D.
614 3537 681 3601 O.
715 3538 794 3603 V.
839 3558 901 3623 p.
949 3539 1097 3606 410.
1186 3538 1395 3624 Negat
1436 3541 1639 3624 igitur
1678 3544 1932 3604 tantum
1976 3540 2261 3623 potuisse
2303 3538 2573 3617 Thrasy-

490 3642 813 3725 maehum,
863 3649 1179 3727 quantum
1210 3646 1347 3730 ipse
1377 3644 1669 3726 voluerit,
1716 3645 1956 3728 quippe
2002 3644 2109 3707 cui
2141 3643 2239 3706 vis
2271 3642 2574 3705 orationis

492 3745 756 3811 deesset.
827 3746 1035 3813 Grave
1071 3748 1416 3832 judicium,
1464 3750 1611 3833 quis
1653 3748 1889 3832 negat?
1936 3747 2015 3811 de
2061 3764 2135 3811 eo
2177 3746 2573 3830 praesertim,

484 3870 687 3936 quem
752 3870 965 3936 neque
1029 3851 1264 3936 Lysiae
1341 3853 1715 3937 simplicitas
1781 3870 1994 3936 neque
2058 3852 2244 3935 vigor
2311 3849 2575 3935 quidam

489 3957 794 4021 orationis
877 3957 1207 4041 defecerit,
1293 3978 1489 4043 quem
1568 3957 1848 4041 denique
1926 3955 2264 4020 videamus
2343 3954 2577 4039 Gorgia

488 4060 681 4147 longe
767 4065 1163 4148 superiorem
1246 4063 1465 4129 fuisse.
1574 4061 1710 4126 Vix
1796 4066 2011 4125 tamen
2099 4059 2179 4125 ab
2262 4058 2575 4143 Dionysio

495 4165 849 4251 dissentiet,
909 4170 1025 4252 qui
1079 4169 1297 4253 ipsum
1350 4168 1567 4246 locum
1619 4167 2074 4249 Thrasymachi
2132 4166 2386 4230 adtente
2438 4185 2576 4251 per·

492 4270 734 4356 legerit.
814 4270 1120 4349 Queritur
1160 4273 1269 4337 ille
1311 4272 1556 4338 bellum
1600 4277 1741 4336 tum
1783 4272 2066 4336 maxime
2111 4272 2371 4354 saevire,
2413 4290 2579 4335 rem·
2616 4325 2619 4328 ,

360 4385 369 4393 ·
491 4375 817 4460 publicam
862 4378 1242 4463 indignatur
1282 4376 1718 4464 perturbatam
1776 4395 1937 4459 esse,
1992 4380 2311 4460 postremo
2366 4379 2577 4445 tantas
