3099 5241
509 412 613 469 XC
1316 412 1415 468 DE
1465 412 1796 469 Nmmms

509 609 615 655 res
668 593 894 654 tractat
952 595 1210 673 tamque
1266 594 1531 670 atroces,
1591 595 1664 653 ut
1723 608 1873 654 eum
1931 591 2159 655 mirere
2218 611 2350 655 non
2395 592 2598 655 multo

511 695 719 779 magis
763 695 977 757 animo
1036 693 1402 760 incaluisse.
1501 693 1625 758 Ubi
1684 699 1781 758 est
1839 693 2153 758 celebrata
2212 696 2323 759 illa
2367 695 2599 760 Demo-

513 799 757 863 sthenis
802 794 1120 878 δεινότης,
1186 797 1301 861 ubi
1357 803 1511 861 sunt
1557 797 1823 863 Periclis
1879 799 2201 863 fulmina?
2296 799 2380 864 Ut
2423 819 2601 869 nunc

513 906 631 983 est,
697 920 823 964 non
896 902 1099 965 multo
1168 903 1359 967 altius
1425 903 1937 985 Thrasymachus
2017 904 2336 986 adsurgit,
2404 924 2595 988 quam

513 1005 759 1089 ubique
816 1004 977 1070 solet
1031 1005 1362 1090 Isocrates,
1418 1008 1487 1069 in
1551 1027 1743 1090 quem
1798 1008 2139 1072 transferas
2197 1007 2264 1071 C.
2314 1007 2599 1073 Caesaris

515 1110 597 1175 de
648 1110 721 1174 P.
784 1109 1076 1174 Terentio
1134 1130 1395 1175 versum
1463 1111 1671 1175 hunc:
1746 1110 2022 1193 ,lenibus
2089 1118 2282 1196 atque
2353 1114 2599 1177 utinam

514 1216 768 1298 scriptis
823 1215 1123 1298 adjuncta
1180 1214 1343 1281 foret
1398 1216 1502 1278 vis
1547 1216 1672 1280 —-—‘.
1783 1215 1951 1280 Sane
2019 1219 2302 1281 certatim
2373 1217 2602 1282 docent

514 1318 697 1383 Plato
739 1321 811 1382 in
856 1319 1145 1384 Phaedro
1191 1339 1251 1402 p.
1285 1320 1436 1401 267,
1468 1337 1502 1382 c
1551 1324 1615 1383 et
1657 1319 2032 1384 Aristoteles
2076 1321 2146 1384 in
2189 1319 2371 1385 Rhet.
2407 1316 2527 1403 ΠΙ,
2564 1325 2597 1386 1

515 1425 768 1507 egregie
826 1423 1368 1506 Thrasymachum
1430 1424 1747 1506 docuisse,
1808 1424 2131 1508 quomodo
2193 1425 2295 1490 vel
2353 1426 2600 1490 miseri-

516 1528 732 1591 cordia
775 1527 879 1592 vel
923 1530 1019 1592 ira
1061 1529 1132 1592 in
1177 1529 1410 1592 animis
1456 1529 1791 1593 hominum
1838 1529 2300 1594 commovenda
2345 1531 2445 1594 sit.
2512 1531 2602 1594 At

516 1630 639 1696 hoc
679 1632 948 1696 rhetoris
992 1638 1090 1697 est
1133 1634 1315 1714 meri,
1360 1652 1487 1696 non
1537 1633 1756 1717 magni
1803 1635 2087 1698 oratoris.

689 1735 995 1820 Sequitur
1060 1742 1136 1801 ut
1202 1756 1623 1820 quaeramuS,
1706 1737 2158 1803 laudandusne
2225 1740 2309 1802 sit
2374 1739 2601 1803 horum

515 1859 934 1905 numerorum
1006 1842 1304 1905 inventor
1374 1860 1600 1918 necne,
1674 1847 1737 1905 et
1803 1842 1857 1905 si
1923 1841 2307 1924 laudandus,
2382 1849 2596 1907 utrum

517 1945 786 2010 orationi
833 1946 1029 2011 decus
1075 1945 1356 2010 attulerit
1393 1945 1758 2028 jucundum
1792 1947 2252 2029 tantummodo,
2298 1964 2380 2010 an
2411 1948 2599 2031 plane

516 2051 969 2114 necessarium.
1072 2049 1392 2114 Confirmo
1459 2055 1675 2113 autem
1740 2050 1908 2114 hanc
1973 2070 2104 2114 non
2171 2055 2436 2115 tenuem
2502 2053 2600 2114 in-

516 2154 1004 2220 ventiunculam
1047 2155 1248 2220 fuisse
1279 2155 1388 2219 sed
1421 2156 1748 2239 ingentem
1784 2155 2107 2239 quandam
2138 2155 2599 2237 inventionem,

521 2278 650 2342 qua
702 2265 918 2324 tamen
974 2279 1105 2323 non
1162 2278 1327 2347 nego
1384 2261 1577 2324 etiam
1623 2279 1832 2323 carere
1879 2259 2154 2323 Graecos
2197 2261 2485 2342 potuisse
2527 2265 2603 2323 ut

515 2381 648 2427 non
716 2382 977 2447 prorsus
1042 2366 1417 2429 necessaria.
1522 2367 1623 2428 Ac
1688 2364 1767 2429 de
1833 2364 2278 2449 magnitudine
2339 2364 2600 2448 quidem

518 2468 716 2551 hujus
772 2469 868 2533 rei
926 2470 1106 2534 testis
1145 2476 1242 2532 est
1283 2470 1545 2533 historia
1591 2476 1654 2532 et
1696 2475 1788 2532 tot
1831 2470 2134 2533 memoria
2179 2469 2602 2550 saeculorum,

522 2572 762 2658 quibus
849 2574 1189 2639 inventum
1276 2573 1731 2656 Thrasymachi
1820 2574 2144 2660 integrum
2231 2574 2600 2658 permansit.

521 2677 752 2742 Carent
816 2683 1026 2743 tamen
1093 2679 1213 2743 hac
1268 2678 1458 2743 laude
1518 2684 1582 2742 et
1640 2697 1847 2762 aequo
1902 2680 2116 2742 animo
2174 2688 2392 2743 carent
2445 2677 2604 2741 aliae

517 2788 764 2866 genteS,
810 2802 1084 2866 quarum
1130 2785 1464 2868 scriptores
1495 2782 1577 2846 ad
1607 2789 1895 2847 veterum
1929 2781 2313 2848 Graecorum
2344 2782 2605 2847 laudem

519 2888 813 2971 proxime
879 2888 1209 2951 accedunt.
1303 2887 1476 2964 Quin
1546 2889 1734 2951 etiam
1798 2886 2140 2950 Germania
2203 2895 2421 2951 nostra
2486 2887 2606 2950 hoc

524 3010 940 3055 numerorum
1006 3010 1239 3075 genere
1302 2992 1764 3077 propemodum
1825 2997 2015 3072 caret,
2083 2992 2323 3074 quibus
2389 2997 2601 3056 tamen

521 3096 768 3180 aliquot
811 3104 1085 3160 oratores
1131 3117 1364 3179 sacrOS,
1410 3095 1610 3160 veluti
1639 3093 2111 3176 Tschirnerum‚
2155 3096 2420 3160 feliciter
2450 3114 2602 3160 usos

523 3219 662 3265 esse
716 3200 1033 3263 videmus.
1053 3200 1108 3278 *)
1200 3199 1390 3282 Quid,
1452 3199 1623 3284 quod
1686 3217 1769 3264 ex
1827 3200 1968 3284 ipsa
2028 3198 2291 3265 Graecia
2331 3200 2605 3281 Thrasy·

522 3305 747 3369 macho
793 3323 1111 3387 opponere
1155 3303 1301 3368 licet
1349 3325 1548 3389 quum
1597 3305 1664 3367 in
1712 3305 1975 3367 historia
2018 3303 2431 3386 Herodotum,
2489 3304 2605 3387 qui

523 3410 699 3473 hisce
755 3409 1043 3472 numeris
1099 3410 1222 3472 nisi
1273 3410 1530 3493 quando
1575 3409 1834 3472 fortuito
1881 3416 1944 3473 et
1988 3428 2143 3473 casu
2189 3411 2450 3472 omnino
2496 3408 2605 3472 ab·

523 3514 755 3579 stinuit
811 3523 949 3577 tum
1008 3532 1091 3578 ex
1136 3512 1492 3578 oratoribus
1540 3515 1750 3577 virum
1794 3514 1985 3577 laude
2029 3521 2242 3578 nostra
2285 3515 2605 3597 majorem,

521 3618 804 3701 Lysiam.
893 3617 1023 3682 Hic
1088 3620 1262 3683 enim
1331 3631 1403 3683 ut
1470 3619 1742 3702 Gorgiae
1806 3617 2079 3701 figuraS‚
2147 3618 2387 3702 quibus
2453 3635 2606 3682 sane

524 3725 749 3805 utitur,
794 3724 1298 3808 haudquaquam
1343 3724 1733 3807 frequentat,
1777 3723 1866 3786 ita
1911 3741 2214 3787 numeros
2257 3723 2431 3807 ipsos
2475 3731 2606 3786 tam

666 3928 719 3998 *)
753 3929 877 3985 Non
928 3930 1127 4000 habeo,
1183 3948 1342 4001 quem
1393 3930 1453 3985 in
1505 3929 1728 3984 sublimi
1782 3946 1973 3997 genere
2025 3929 2373 3985 Tzschjrnero
2424 3931 2605 3984 nostro

526 4019 855 4087 anteponam.
951 4017 1057 4074 Sed
1128 4018 1186 4073 in
1255 4017 1406 4073 molli
1469 4034 1531 4071 ac
1592 4033 1754 4086 prope
1814 4017 2041 4073 dehcato
2100 4017 2357 4073 orationis
2415 4032 2605 4085 genere

526 4103 824 4159 Salomonis
884 4106 1106 4161 Gesneri
1164 4105 1354 4176 idyllia
1411 4104 1699 4158 excellunt.
1796 4103 1933 4158 Nam
1992 4104 2097 4158 etsi
2156 4119 2312 4173 prosa
2372 4104 2604 4158 oratione

527 4191 729 4261 scripta
763 4195 907 4257 sunt,
943 4200 1120 4248 tamen
1156 4210 1261 4247 non
1291 4192 1463 4247 solum
1489 4190 1817 4258 imaginibus
1841 4189 2111 4245 abundant
2136 4190 2381 4261 poeticis,
2416 4206 2607 4244 verum

525 4278 688 4334 etiam
732 4280 987 4334 membris
1035 4278 1279 4351 (melium
1328 4280 1384 4333 et
1426 4277 1667 4332 numeris
1717 4277 2008 4354 (ῥυθμοῖς)
2057 4278 2321 4347 constant,
2369 4292 2503 4350 quae
2537 4276 2605 4331 ad

526 4367 817 4432 metrorum
852 4364 1264 4432 similitudinem
1301 4363 1545 4445 proxime
1579 4365 1854 4425 accedunt,
