3099 5241
1256 435 1797 493 NEOYOMANTIA.
2410 439 2566 495 LVII

476 612 714 696 inquit,
781 611 1148 680 Lucianeus
1218 616 1304 679 sit
1366 615 1472 678 hic
1541 614 1857 700 dialogus,
1925 617 2237 701 scriptum
2291 618 2569 701 oportuit

475 738 647 782 anno
708 716 775 781 C.
830 721 992 785 163⁶.
1098 719 1346 805 Nempe
1403 719 1597 803 paulo
1656 725 1804 785 ante
1871 721 1988 786 hos
2046 721 2174 786 duo
2243 721 2562 807 dialogos:

479 817 757 894 Εἰκόνες
801 829 864 888 et
895 820 1096 907 ‘Tui-9
1147 831 1271 886 τῶν
1321 820 1611 903 εἰκόνων,
1674 825 1889 909 paullo
1945 832 2089 911 post
2133 832 2347 891 autem
2391 827 2569 891 hunc

477 926 715 991 librum
784 947 940 994 sane
1006 931 1365 1014 egregium:
1438 927 1595 1000 Πῶς
1654 920 1749 991 δἐἰ
1816 932 2108 1013 ἱστορίαν
2176 926 2568 1017 συγγράφειν

478 1029 811 1097 Lucianus
855 1039 1073 1099 noster
1115 1034 1331 1099 edidit.
1438 1032 1567 1110 Qui
1615 1054 1820 1117 quum
1863 1036 1934 1098 in
1995 1034 2247 1121 dialogo
2293 1031 2569 1108 Εἰκὸνες

480 1136 560 1200 ab
630 1135 799 1202 Vero
875 1139 1253 1223 imperatore
1330 1140 1600 1222 gratiam
1666 1139 1829 1203 inire
1894 1139 2130 1204 frustra
2196 1140 2569 1223 studuisset,

480 1261 635 1305 mox
680 1241 1146 1325 Necyomantia
1191 1243 1360 1307 edita
1401 1244 1472 1307 in
1517 1247 1808 1328 potentes
1852 1241 1933 1327 (c.
1970 1244 2051 1309 17
2099 1245 2324 1310 collato
2371 1264 2424 1308 c.
2462 1245 2566 1326 13)

481 1346 705 1412 acerbe
756 1348 1057 1413 invectus
1101 1352 1215 1411 est.
1316 1347 1512 1415 Nunc
1570 1348 1748 1413 aliud
1806 1349 2004 1434 idque
2063 1369 2261 1434 prope
2322 1354 2567 1414 certum

480 1453 784 1535 temporis
827 1452 1145 1517 indicium
1185 1454 1325 1537 ipse
1368 1471 1710 1537 exponam.
1803 1454 2294 1536 Psychomantis
2340 1473 2569 1537 magus

480 1558 551 1619 in
597 1556 1064 1638 Necyomantia
1107 1562 1328 1642 utpote
1372 1558 1660 1641 aequalis
1704 1555 1899 1639 (vivis
1945 1564 2161 1623 autem
2190 1560 2570 1624 nominatim

483 1660 779 1727 inludere
825 1681 939 1747 per
979 1662 1153 1748 leges
1196 1683 1330 1726 non
1375 1663 1651 1745 licebat),
1694 1663 1856 1727 falso
1901 1664 2163 1729 nomine
2209 1668 2271 1728 et
2315 1682 2389 1727 eo
2419 1662 2572 1727 Per·

484 1767 617 1830 sico
695 1767 807 1832 ille
887 1768 1151 1852 quidem
1220 1764 1845 1852 ,Μιθροβαρζοίνῃ.·6
1927 1769 2161 1833 dicitur
2230 1766 2331 1850 (ut
2406 1767 2571 1831 alius

482 1891 711 1955 magus
767 1871 926 1936 falso
980 1874 1242 1937 nomine
1299 1892 1367 1938 se
1424 1869 1713 1957 Βόμρόν
1770 1873 1952 1956 dixit,
2010 1874 2088 1938 de
2144 1892 2274 1957 qua
2327 1891 2397 1936 re
2453 1890 2570 1955 ego

488 1975 569 2039 ad
631 1974 1042 2060 Philopseud.
1103 1995 1155 2039 c.
1208 1978 1312 2058 13,
1370 1976 1438 2039 Τ.
1483 1977 1517 2040 Ι
1561 1977 1633 2042 Ρ.
1681 1977 1748 2041 ΙΙ
1791 1998 1855 2062 p.
1908 1977 2033 2042 114
2090 1977 2406 2063 exposui),
2462 1975 2574 2040 sed

480 2079 654 2144 idem
699 2080 1082 2144 describitur
1111 2080 1477 2146 clarissime.
1569 2083 1778 2167 Atqui
1821 2103 1969 2148 eum
2013 2101 2297 2168 magum,
2344 2081 2458 2164 qui
2500 2081 2569 2143 in

483 2183 914 2269 Philopseude
969 2204 1101 2249 non
1158 2188 1363 2270 magis
1417 2189 1792 2251 nominatur
1845 2188 1957 2252 sed
2005 2185 2389 2252 describitur
2431 2190 2573 2248 tan-

487 2294 651 2370 tum,
711 2289 1080 2356 scholiastes
1135 2290 1217 2354 ad
1274 2290 1556 2375 Philops.
1608 2311 1660 2355 c.
1715 2292 1794 2357 12
1836 2293 1977 2356 init.
2038 2290 2357 2376 praeclare
2410 2288 2574 2352 vidit

489 2393 733 2457 dictum
766 2413 906 2459 esse
935 2395 980 2459 J
993 2395 1386 2459 alianum:
1437 2416 1632 2480 quem
1660 2397 1966 2481 majorem
2003 2396 2203 2460 fuisse
2231 2395 2276 2459 J
2278 2394 2572 2458 ulianum

483 2504 727 2582 patrem
772 2500 1039 2563 minoris
1083 2501 1237 2564 item
1280 2502 1453 2584 magi
1507 2506 1652 2585 post
1694 2499 2086 2565 Lobeckium
2141 2502 2211 2564 in
2256 2498 2569 2583 Aglaoph.

484 2624 547 2689 p.
600 2604 724 2670 100
770 2622 886 2688 ego
933 2604 1011 2669 ad
1059 2604 1338 2690 Philops.
1387 2625 1440 2670 c.
1493 2606 1576 2671 12
1619 2626 1682 2690 p.
1736 2607 1860 2672 113
1917 2611 1979 2671 et
2032 2605 2328 2690 inprimis
2385 2626 2438 2668 c.
2491 2603 2572 2669 16

487 2730 549 2794 p.
592 2710 717 2775 118
763 2715 933 2775 certo
981 2711 1428 2774 demonstravi.
1518 2710 1650 2776 Hic
1691 2713 1891 2793 igitur
1932 2710 2238 2775 Julianus
2283 2718 2461 2795 pater
2502 2711 2573 2772 in

485 2814 914 2899 Philopseude
951 2822 1015 2880 et
1061 2813 1498 2897 ‚Babylonius‘
1536 2816 1773 2880 dicitur
1816 2821 1879 2881 et
1926 2815 2316 2899 ,Chaldaeus‘
2366 2834 2419 2878 c.
2460 2814 2571 2879 11:

487 2916 694 3003 ἄνδρα
760 2914 1187 3003 Βαβυλώνιον
1251 2925 1383 2982 τῶν
1443 2918 1804 2984 Χαλδαίων
1872 2957 1955 2967 --
2019 2911 2177 3001 ἧψαν
2246 2915 2279 2980 ὃ
2339 2915 2574 2999 Βαβυ-

486 3020 716 3095 λώνιος
780 3030 843 3089 et
901 3025 1134 3109 partim
1191 3024 1430 3088 ibidem
1488 3045 1541 3088 c.
1595 3026 1675 3089 12
1718 3024 1830 3088 fin.
1943 3023 2190 3108 Nempe
2257 3029 2333 3087 ut
2397 3021 2572 3085 filius

487 3149 841 3214 cognomen
887 3129 1112 3194 habuit
1159 3124 1190 3190 ὁ
1243 3125 1584 3215 θεουργός,
1635 3131 1725 3194 ita
1768 3134 1946 3213 pater
1987 3128 2294 3192 Julianus
2340 3145 2575 3211 cogno-

486 3236 662 3300 mine
710 3235 920 3300 dictus
965 3239 1063 3299 est
1107 3229 1141 3296 ὁ
1194 3232 1553 3305 Χαλδαῖος,
1622 3234 1699 3298 de
1761 3254 1890 3319 qua
1942 3254 2011 3298 re
2067 3232 2284 3298 confer
2328 3230 2573 3296 Suidan

488 3360 537 3404 S,
589 3336 945 3410 Ἰουλιανὸς
1007 3335 1042 3401 ὃ
1106 3338 1448 3410 Χαλδαῖος
1515 3334 1873 3423 ([ιλόσυφθς
1941 3344 2005 3403 Gt
2072 3356 2237 3422 quae
2305 3337 2429 3400 alla
2494 3334 2575 3398 ad

486 3444 767 3529 Philops.
817 3465 869 3508 c.
924 3446 1001 3511 16
1049 3465 1111 3529 p.
1163 3445 1288 3510 118
1333 3463 1450 3528 ego
1498 3445 1745 3528 collegi.
1835 3442 2032 3507 Nunc
2089 3442 2239 3507 vide
2298 3441 2457 3505 mihi
2514 3443 2576 3503 et

488 3569 639 3613 cum
704 3550 1132 3632 Philopseude
1209 3568 1508 3633 compara
1586 3549 1742 3614 haec
1814 3547 2316 3631 Necyomantiae
2384 3565 2436 3609 c.
2496 3546 2573 3610 6:

494 3655 712 3727 ἔδοξεν
759 3659 820 3726 ἐς
865 3653 1236 3737 Βαβυλῶνα
1286 3649 1567 3714 ἐλθόντα
1633 3654 1962 3734 ὸέηθῆιάί
2019 3676 2196 3723 τινος
2254 3656 2381 3713 τῶν
2438 3645 2575 3730 μά-

484 3785 617 3847 γων
664 3797 745 3807 -
793 3755 1042 3824 ἔτεινον
1088 3755 1252 3822 ειῖθί·
1288 3756 1714 3842 Βαβυλῶνος.
1769 3753 1980 3819 ἐλθών
2027 3754 2094 3818 ‹5:²-
2146 3749 2579 3839 συγγίγνομαί

487 3888 614 3927 «τινι
665 3873 785 3928 τοῖν
823 3863 1177 3929 Χαλδαιών
1210 3900 1316 3936 -,
1371 3882 1500 3946 quo
1545 3862 1586 3927 1.
1633 3863 1900 3926 minime
1943 3861 2044 3944 (ut
2083 3859 2575 3925 Hemsterhusio

488 3971 704 4034 visum
760 3972 875 4051 est)
933 3970 1106 4052 magi
1151 3967 1384 4032 Persae
1440 3972 1504 4031 et
1559 3967 1845 4031 chaldaei
1890 3966 2146 4048 Assyrii
2204 3963 2369 4028 male
2426 3981 2577 4026 con-

489 4074 622 4140 fusi
668 4079 839 4139 sunt.
930 4074 1135 4137 Immo
1183 4075 1372 4138 etiam
1416 4074 1485 4136 in
1531 4071 1999 4155 Necyomantia
2028 4069 2334 4134 Julianus
2379 4073 2577 4154 pater,

500 4180 614 4264 qui
657 4199 888 4263 magus
933 4198 1284 4264 cognomen
1344 4178 1572 4242 habuit
1618 4173 1651 4239 ὁ
1700 4174 2037 4245 Χιιιὸηεος
2085 4176 2220 4240 sive
2268 4170 2302 4237 ὁ
2347 4172 2581 4258 Βαβυ-

489 4280 737 4354 λώνιος,
791 4285 982 4350 unice
1031 4284 1426 4349 describitur.
1513 4282 1646 4347 Hic
1687 4281 1991 4347 Julianus
2034 4286 2216 4365 pater
2262 4281 2390 4364 jam
2435 4286 2577 4341 turn

492 4408 693 4457 senex
736 4390 879 4473 fuit,
924 4395 999 4454 ut
1043 4409 1078 4454 e
1107 4388 1529 4471 Necyomant.
1565 4406 1618 4451 c.
1654 4387 1726 4452 6:
1775 4388 1975 4472 πολίιρ
2024 4410 2153 4469 μὲν
2190 4384 2313 4468 vjv
2359 4405 2579 4465 nostem
