3099 5241
584 370 621 439 1
635 370 675 439 7
687 369 729 439 6
1388 401 1848 453 ΛοτΚιΑΝοφ

441 580 542 635 154
579 566 953 654 αἰθόμενον
1009 566 1133 657 γὰρ
1192 577 1326 655 πῦρ
1373 572 1488 637 ἅτε
1532 570 1933 658 διαπρέπεις,
1997 574 2102 640 καὶ
2146 572 2394 659 νύκτωρ
2451 577 2492 615 ⁴*
2549 574 2655 639 καὶ

574 675 736 758 μεθ’
794 671 1071 759 ἡμέραν.
1168 675 1341 752 ἐλθέ,
1408 670 1455 741 ὦ
1515 676 1778 760 φίλτατε
1820 678 1926 742 καὶ
1972 676 2437 764 ἐρασμιώτατε.
2533 686 2656 745 νῦν

576 776 909 862 πείθομαί
958 803 1031 866 γε
1090 778 1195 843 καὶ
1255 779 1381 844 Δία
1439 783 1603 845 ποτὲ
1658 781 1972 868 γενέσθαι
2027 779 2286 869 χρυσόν.
2380 782 2475 857 τίς
2531 781 2656 871 γὰρ

579 878 696 946 οὐκ
755 879 835 945 ἂν
895 883 1235 967 παρθένος
1295 880 1875 968 ἀναπεπταμένοις
1932 898 2070 976 τοῖς
2113 884 2377 960 κόλποις
2420 884 2659 952 ὑπεδέ-

577 988 727 1059 ξατο
791 986 957 1051 οὕτω
1018 984 1216 1053 καλὸν
1261 984 1545 1071 ἐραστὴν
1592 986 1697 1053 διὰ
1743 994 1860 1054 τοῦ
1906 988 2133 1077 τέγους
2177 991 2615 1076 καταρρέοντα
2631 1017 2656 1069 ,-

576 1090 680 1156 42.
725 1085 772 1153 ὦ
818 1090 1006 1156 Μίδα
1051 1092 1156 1155 καὶ
1201 1091 1454 1176 Κροῖσε
1497 1092 1604 1157 καὶ
1648 1091 1729 1158 τοὶ
1779 1097 1850 1158 ἐν
1894 1095 2171 1178 Δελφοῖς
2216 1093 2650 1180 ἀναθήματα,

578 1189 661 1267 ὡς
718 1191 911 1258 οὐδὲν
965 1191 1092 1278 ἄρα
1147 1189 1265 1277 ἦτε
1321 1193 1404 1268 ὡς
1460 1194 1627 1280 πρὸς
1685 1198 1957 1282 Τίμωνα
2012 1199 2119 1262 καὶ
2178 1196 2296 1265 τὸν
2353 1197 2658 1283 Τίμωνος

577 1298 888 1375 πλοῦτον,
940 1291 989 1383 ᾧ
1030 1324 1103 1384 γε
1149 1296 1302 1363 οὐδὲ
1343 1298 1646 1384 βασιλεὺς
1692 1298 2029 1387 ὁΠερσῶν
2079 1304 2237 1376 ἴσος.
2328 1297 2374 1367 ὦ
2412 1301 2658 1368 δίκελλα

579 1401 685 1465 καὶ
737 1398 1006 1485 φιλτάτη
1066 1400 1372 1486 διφθέρα,
1431 1400 1609 1488 ὑμᾶς
1666 1407 1797 1488 μὲν
1848 1412 1936 1491 τῷ
1983 1402 2433 1492 Πανὶ,τοὺτῳ
2493 1404 2658 1471 ἀνα-

577 1510 799 1569 θεῖναι
842 1502 1063 1570 καλόν·
1115 1503 1312 1580 αὐτὸς
1358 1505 1428 1571 δὲ
1469 1506 1599 1590 ἤδη
1646 1513 1870 1575 πᾶσαν
1905 1506 2271 1593 πριάμενος
2306 1507 2433 1593 την
2469 1515 2657 1598 ἐσχαο

576 1604 746 1686 τιάν,
831 1608 1110 1695 πυργίον
1176 1608 1795 1695 οἰκοδομησάμενος
1874 1611 2036 1699 ὑπὲρ
2095 1620 2240 1677 τοῦ
2307 1620 2652 1698 θησαυροῦ

578 1708 762 1798 μόνῳ
831 1713 980 1796 ἐμοὶ
1049 1711 1275 1779 ἱκανὸν
1342 1713 1821 1794 ἐνδιαιτᾶσθαι,
1896 1714 1971 1781 τό
2042 1714 2203 1782 αὐτὸ
2269 1718 2377 1782 καὶ
2442 1715 2656 1801 τάφον

581 1813 954 1894 ἀποθανών
1033 1821 1194 1891 ἕξειν
1267 1842 1389 1901 μοι
1456 1816 1645 1883 δοκῶ.
1786 1816 2075 1907 δεδόχθω
2146 1819 2214 1885 δὲ
2279 1828 2487 1887 ταῦτα
2553 1821 2659 1886 καὶ

581 1917 1148 2004 νενομοθετήσθω
1204 1918 1371 2005 πρὸς
1428 1918 1547 1987 τὸν
1603 1921 1946 1989 ἐπίλοιπον
1985 1922 2160 2009 βίον,
2227 1923 2450 2009 ἀμιξία
2494 1923 2658 2011 πρὸς

582 2023 882 2097 ἅπαντας
936 2022 1043 2088 καὶ
1099 2023 1385 2113 ἀγνωσία
1444 2025 1553 2090 καὶ
1604 2024 1960 2111 ὑπεροψία·
2032 2027 2213 2112 φίλος
2253 2027 2339 2093 -δὲ
2392 2028 2437 2114 ἢ
2484 2030 2659 2104 ξένος

582 2253 866 2322 scriptores
902 2251 1164 2317 adferunt,
1209 2254 1268 2307 in
1310 2254 1396 2308 his
1441 2254 1558 2323 ipse
1594 2256 1776 2308 noster
1810 2254 2003 2307 iterum
2044 2255 2103 2308 in
2140 2254 2292 2310 Gallo
2328 2253 2359 2320 ξ
2400 2257 2467 2310 14
2501 2253 2588 2322 (V.
2626 2254 2656 2307 Ι

542 2363 545 2366 “
581 2338 644 2393 Ρ.
680 2339 710 2392 Ι
742 2356 796 2408 p.
837 2342 936 2395 126
973 2339 1054 2393 ed.
1091 2342 1318 2405 nostrae,
1372 2341 1467 2393 ubi
1501 2340 1656 2410 plura
1688 2340 1952 2408 diximus).
2112 2336 2377 2408 δεξίωμα]
2421 2338 2657 2409 δεξιάμα

580 2425 692 2480 PR.
765 2425 945 2479 eadem
979 2427 1200 2479 variatio
1237 2426 1381 2480 eadit
1421 2427 1479 2480 in
1526 2427 1668 2482 Galli
1702 2427 1889 2494 locum,
1936 2428 2030 2481 ubi
2067 2424 2305 2495 δεξιάμα
2344 2427 2655 2496 Guelferby-

581 2514 758 2566 tanus.
830 2513 1131 2582 pariterque
1167 2516 1258 2566 κτέ
1263 2531 1362 2580 ρας
1396 2530 1493 2583 pro
1529 2516 1757 2583 βροτοῖς
1801 2514 2034 2568 variatur
2074 2517 2129 2568 et
2173 2515 2232 2568 in
2268 2514 2419 2571 Gallo
2473 2517 2529 2569 et
2569 2514 2659 2568 hio

581 2599 640 2653 in
678 2600 922 2654 Timone:
974 2599 1103 2654 hino
1146 2599 1320 2654 elucet
1361 2599 1534 2655 medio
1582 2617 1705 2655 aevo
1750 2601 1976 2655 alterum
2022 2601 2197 2656 loeum
2243 2619 2306 2656 ex
2342 2602 2507 2656 altero
2543 2617 2658 2656 eor-

581 2688 785 2740 rectum
820 2703 951 2740 esse.
1105 2689 1332 2755 βροτοῖς
1366 2688 1693 2746 ΑΨΩΩςΡΒ
1728 2692 1783 2742 et
1816 2707 1864 2752 v,
1909 2692 2104 2757 κτέρας
2134 2693 2178 2741 Ο
2215 2690 2375 2744 solus,
2445 2690 2658 2744 verissi-

581 2790 725 2826 mum
760 2776 844 2827 est
875 2776 1118 2841 βροτοῖς,
1160 2774 1302 2842 quod
1336 2790 1426 2827 sex
1461 2775 1593 2828 locis
1630 2775 1756 2833 hine
1790 2773 2026 2829 adfertur
2059 2793 2265 2830 summa
2298 2777 2655 2830 consensione.

581 2876 762 2914 verum
795 2860 852 2913 in
889 2860 1031 2915 Galli
1063 2860 1179 2913 loeo
1215 2859 1453 2929 plerique
1488 2861 1615 2914 libri
1650 2861 1924 2915 exhibent:
1973 2857 2267 2913 κάλλιστον
2302 2864 2514 2929 κτέρας,
2565 2862 2661 2917 sed.

583 2945 770 2999 Albi:
819 2943 1127 3007 κάλλιστον,
1177 2946 1316 3008 nihil
1358 2949 1644 3016 praeterea.
1718 2946 1935 3017 adparet
1981 2948 2038 3001 in
2086 2948 2239 3004 Gallo
2287 2950 2514 3017 βροτοῖς
2551 2950 2660 3018 legi

583 3049 691 3085 non
724 3033 963 3102 potuisse
998 3033 1222 3102 ideoque
1255 3049 1437 3088 versus
1473 3034 1717 3103 explendi
1750 3050 1908 3087 eausa
1940 3034 2318 3104 interpolatum
2352 3052 2494 3091 esse:
2541 3038 2654 3088 κτέ-

585 3137 700 3188 ρας.
775 3120 1112 3172 temerarium
1161 3119 1264 3173 hoc
1309 3120 1732 3189 supplementum
1778 3138 1806 3173 e
1856 3120 2007 3176 Gallo
2058 3123 2277 3176 transiit
2318 3123 2378 3176 in
2424 3122 2658 3177 Timonis

583 3206 819 3259 codicem
851 3208 913 3266 O,
967 3206 1060 3275 qui
1092 3207 1272 3275 paullo
1308 3210 1430 3260 ante
1476 3206 1508 3272 ἓ
1545 3209 1614 3263 40
1650 3207 2029 3261 eorrectionem
2076 3209 2303 3263 servavit
2346 3209 2516 3263 nihilo
2550 3227 2658 3263 me-

581 3291 789 3345 liorem:
828 3289 1258 3360 ὗπεκστήσομαι.
1423 3286 1736 3359 αἰθόμενον
1769 3322 1838 3330 —-
1874 3291 2106 3361 νύκτωρ]
2143 3297 2428 3365 respicitur
2462 3295 2659 3350 Pinda-

581 3378 750 3431 ricum
784 3376 867 3432 Ol.
905 3378 950 3442 Ι,
989 3381 1016 3434 1
1055 3395 1161 3432 non
1196 3381 1311 3434 sine
1344 3379 1576 3449 perndie,
1624 3383 1687 3432 ut
1720 3380 1854 3433 bene
1889 3382 2061 3435 Faber
2090 3381 2362 3450 judicavit.
2528 3381 2656 3435 ὑπε-

584 3460 782 3524 δέξατο
803 3464 1250 3528 ΑΟΜΨΩΩΞΡΒ,
1292 3462 1627 3526 ὑποδέξαιτο
1667 3486 1712 3531 v,
1750 3467 1890 3536 quod
1925 3468 1974 3521 si
2007 3469 2066 3520 in
2098 3468 2251 3522 codd.
2289 3471 2534 3536 exstaret,
2566 3486 2661 3540 per

583 3567 641 3604 se
675 3567 780 3604 non
816 3554 958 3605 esset
1002 3552 1399 3622 repudiandum.
1564 3556 1946 3623 καταρρέοντα
1983 3555 2307 3613 ΑΨΩΩΩΡΒ
2355 3559 2410 3609 et
2461 3575 2507 3622 v,
2560 3575 2657 3608 κα-

580 3640 891 3705 ταρρυέντα
931 3640 975 3688 0
1011 3639 1170 3695 solus.
1243 3639 1383 3708 quod
1416 3640 1544 3694 item
1580 3641 1807 3694 inlatum
1843 3644 1925 3694 est
1959 3644 2156 3696 temere
2192 3660 2221 3695 e
2256 3642 2387 3695 locis
2417 3643 2659 3710 geminis,

581 3724 746 3778 veluti
779 3725 843 3779 D.
878 3725 1068 3779 Marin.
1105 3700 1231 3791 XIl,
1270 3729 1297 3782 1
1338 3728 1394 3780 et
1428 3726 1581 3782 Gallo
1618 3727 1649 3793 ἓ
1689 3730 1769 3792 13,
1818 3728 1912 3781 ubi
1958 3728 2022 3782 de
2058 3729 2240 3783 eadem
2284 3745 2343 3781 re
2391 3732 2476 3783 est
2510 3729 2661 3797 ρυείς

582 3813 638 3864 et
673 3810 892 3878 ῥυῆναι.
2055 3817 2060 3822 ’

718 3900 804 3952 42.
878 3896 1017 3965 πρὸς
1055 3899 1280 3964 Τίμωνα
1316 3904 1408 3949 καὶ
1444 3899 1543 3951 τὸν
1584 3899 1853 3967 Τίμωνος]
1885 3899 2031 3967 ’πρὸς
2062 3901 2161 3955 τὸν
2184 3902 2408 3967 Τίμωνα
2444 3908 2536 3955 καὶ
2570 3904 2661 3954 Τί-

580 4001 763 4050 μωνος
801 3986 863 4035 Ο.
1006 3981 1263 4053 βασιλεὺς
1300 3982 1330 4036 ὁ
1367 3986 1607 4053 Περσῶν
1646 3987 1741 4040 ΟΒ,
1776 3989 1832 4039 et
1864 4005 1910 4050 v,
1966 3984 1995 4037 ὁ
2032 3984 2288 4055 βασιλεὺς
2322 3986 2559 4057 Περσῶν
2590 3987 2654 4053 Ρ,

583 4067 614 4120 ὁ
650 4066 907 4138 βασιλεὺς
945 4068 972 4122 ὃ
1011 4072 1250 4140 Περσῶν
1283 4072 1392 4126 AM
1436 4074 1492 4126 et
1525 4071 1753 4126 fortasse
1796 4075 1984 4134 §Hs-2522,
2037 4074 2179 4143 quod
2212 4076 2453 4128 nonnulli
2489 4075 2658 4149 edito-

581 4173 665 4210 res
711 4160 1035 4226 reeeperunt.
1176 4156 1293 4214 ἶσος
1338 4159 1404 4213 Α.
1546 4159 1727 4212 malim
1773 4160 1851 4213 sic
1898 4154 2269 4229 transponere:
2332 4152 2375 4212 ὦ
2423 4158 2654 4228 φιλτάτη

584 4238 803 4296 δίκελλα
852 4251 943 4296 καὶ
982 4240 1236 4314 διφθέρα
1270 4274 1354 4296 -.
1519 4246 1637 4300 vide
1680 4263 1840 4316 supra
1885 4246 1917 4313 ἓ
1953 4250 2020 4303 41
2057 4247 2176 4301 init.
2251 4250 2306 4301 et
2340 4248 2371 4314 ἓ
2407 4250 2474 4304 39
2522 4247 2657 4302 med.

715 4329 779 4383 τὸ
820 4328 955 4384 αὐτὸ
995 4338 1088 4383 καὶ
1124 4330 1307 4401 τάφον
1348 4336 1397 4382 Ψ
1427 4348 1547 4386 cum
1578 4333 1821 4402 Seagero,
1855 4332 1954 4385 τὸν
1989 4331 2160 4386 αὐτὸν
2195 4340 2288 4385 καὶ
2323 4332 2507 4401 τάφον
2543 4350 2659 4388 eae-
