3099 5241
1362 386 1620 439 ΤΙΜΩΝ.
2376 356 2521 428 169

442 557 558 648 γόν
605 558 711 624 καὶ
758 555 1149 625 διδάσκαλον
1189 563 1318 623 τῶν
1364 555 1668 643 ἀρίστων·
1760 551 1806 646 ᾗ
1853 555 2065 624 συνών
2092 554 2372 646 ὑγιεινὸς
2399 560 2526 642 μὲν

443 663 518 730 τὸ
567 670 780 749 σῶμα,
818 651 1207 749 Ιε’ρρωμεὲνος
1253 660 1323 727 δὲ
1367 661 1492 745 τήν
1535 659 1809 748 γνώμην
1856 661 2224 740 διετέλεσεν,
2288 659 2528 747 ἀνδρὸς

442 768 594 855 βίον
636 771 758 846 ζῶν
803 768 910 832 καὶ
955 765 1122 852 πρὸς
1167 763 1374 831 αὑτὸν
1419 764 1839 851 ἀποβλέπων,
1888 762 1970 832 τά
2016 765 2087 832 δὲ
2121 764 2388 852 περιττοὶ
2419 763 2529 830 καὶ

444 870 652 939 πολλοὶ
732 878 962 950 ταῦτα,
1047 871 1263 954 ὥσπερ
1338 871 1534 948 ἐστὶν,
1621 866 1921 956 ἀλλότρια
2003 867 2521 955 ὑπολαμβάνων.

446 977 675 1044 ΕΡΜ.
771 973 1185 1064 ἀπέρχονται·
1275 972 1468 1058 ἡμεῖς
1535 973 1606 1039 δὲ
1672 974 2055 1059 προσίωμεν
2121 972 2316 1061 αὐτῷ.
2425 973 2538 1042 34.

460 1080 663 1145 TIM.
738 1079 910 1153 τίνες
954 1082 1118 1157 ἐστὲ,
1171 1073 1218 1143 ὦ
1264 1075 1620 1162 κατάρατοι
1631 1105 1659 1159 ,-
1701 1076 1748 1162 ἢ
1789 1077 1854 1145 τί
1891 1075 2292 1165 βουλόμενοι
2336 1076 2527 1163 δεῦρο

446 1183 632 1267 ἥκετε
677 1180 885 1268 ἄνδρα
930 1180 1209 1271 ἐργάτην
1251 1183 1360 1247 καὶ
1390 1180 1820 1268 μισθοφόρον
1852 1180 2344 1272 ἐνοχλήσοντεςς
2392 1180 2528 1247 ἀλλ’

451 1285 532 1353 οὗ
572 1286 900 1376 χαίροντες
946 1286 1137 1352 ἄπιτε
1179 1285 1468 1362 πάντως,
1517 1287 1748 1373 μιαροὶ
1795 1285 2001 1361 ὄντες·
2052 1283 2170 1375 ἐγώ
2195 1284 2321 1375 γάρ
2353 1283 2533 1371 ὑμᾶς

451 1390 677 1457 αὐτίκα
735 1389 918 1477 μάλα
971 1388 1228 1476 βάλλων
1280 1403 1422 1465 ταῖς
1473 1388 1707 1477 βώλοις
1764 1391 1870 1455 καὶ
1928 1404 2064 1464 τοῖς
2117 1389 2329 1465 λίθοις
2376 1387 2533 1456 συνῖ-

448 1494 678 1581 τρέψω.
772 1496 999 1563 ΕΡΜ.
1050 1494 1401 1579 μηδαμῶς,
1453 1490 1501 1560 ὦ
1561 1496 1814 1579 Τίμων,
1862 1492 1959 1579 μὴ
2004 1492 2232 1586 βάλῃς·
2286 1493 2365 1560 οὐ
2407 1491 2531 1582 γάρ

451 1597 852 1685 ἀνθρώπους
916 1596 1114 1673 ὄντας
1176 1599 1415 1683 βαλεῖς,
1489 1596 1614 1663 ἀλλ’
1686 1596 1805 1687 ἐγώ
1871 1602 1995 1683 μὲν
2049 1597 2305 1684 ‘Eoum
2372 1601 2528 1683 εἰμι,

455 1702 677 1769 οὑτοσὶ
726 1703 796 1769 δὲ
842 1701 877 1768 ὃ
905 1701 1234 1776 Πλοῦτος·
1286 1701 1548 1787 ἔπεμψε
1594 1700 1665 1768 δὲ
1711 1700 1948 1777 ὃΖεύς
1991 1700 2362 1777 ἐπακούσας
2406 1708 2533 1768 τῶν

458 1894 735 1965 συνεργόν.
814 1896 1046 1950 Cobetus
1092 1896 1269 1949 autem
1314 1895 1374 1948 in
1407 1895 1471 1949 V.
1509 1895 1571 1949 L.
1610 1912 1663 1965 p.
1702 1898 1805 1952 295
1841 1914 1888 1951 v.
1963 1893 2186 1965 ἀγαθήν
2230 1896 2348 1951 vult
2392 1895 2536 1951 dele-

453 1986 582 2036 tum.
654 1999 752 2036 nec
787 1999 913 2036 sane
948 1985 1012 2036 ut
1045 1998 1186 2036 nunc
1223 1984 1308 2036 est
1340 1982 1483 2035 istuc
1515 1979 1738 2051 ἀγαθήν
1772 1982 1910 2037 ferre
1928 2000 2161 2053 possum.
2216 1984 2372 2038 attici
2394 1984 2536 2038 enim

455 2070 514 2122 in
548 2070 635 2122 his
682 2070 798 2139 ipse
832 2069 1098 2123 Lucianus
1147 2069 1205 2122 in
1239 2068 1467 2137 Navigio
1505 2068 1536 2135 ξ
1576 2072 1641 2125 13
1691 2072 1835 2123 certe
1879 2072 1997 2123 tum
2045 2068 2117 2126 ὡς
2157 2071 2533 2141 praemittunt:

459 2155 585 2208 οἵαν
627 2176 697 2223 με
748 2148 919 2208 οὖσαν
968 2153 1268 2226 ἀπολείψει
1307 2154 1389 2211 ὡς
1438 2153 1662 2225 ἀγαθὴν
1711 2155 1990 2227 συνεργόν.
2066 2174 2227 2226 quare
2260 2158 2365 2211 alio
2399 2160 2535 2212 tem-

456 2260 582 2313 pore
620 2241 692 2298 ὡς
729 2241 952 2313 ἀγαθήν
997 2260 1092 2313 pro
1143 2240 1366 2312 ἀγαθήν
1412 2243 1578 2296 scribi
1624 2243 1714 2297 hic
1748 2244 2030 2298 volueram.
2187 2243 2331 2312 πρὸς
2368 2242 2537 2296 αὑτὸν

459 2330 701 2384 SolauuS.
774 2331 900 2384 libri
944 2329 1087 2398 πρὸς
1124 2328 1310 2382 αὐτόν.
1388 2330 1514 2383 olim
1556 2331 1851 2401 comparavi
1891 2331 1987 2385 Bis
2023 2331 2272 2385 Accusat.
2310 2330 2342 2398 ξ
2376 2334 2446 2387 20
2482 2334 2538 2385 61;

459 2417 493 2484 ἓ
527 2421 592 2474 21
641 2418 873 2487 itemque
921 2418 1158 2472 Tullium
1202 2417 1261 2471 in
1294 2417 1429 2487 Epp.
1480 2417 1549 2471 ad
1583 2418 1728 2472 Fam.
1767 2419 1832 2482 V,
1873 2420 1954 2482 13,
2008 2418 2103 2488 qui
2146 2418 2284 2472 hanc
2329 2417 2538 2472 laudem

459 2505 751 2574 sapientiae
787 2505 983 2558 statuit
1017 2521 1132 2557 esse
1167 2504 1445 2557 maximam
1490 2521 1598 2558 non
1633 2504 1846 2559 aliunde
1884 2505 2111 2574 pendere
2146 2496 2244 2559 nec
2281 2506 2537 2559 extrinse-

460 2607 552 2645 cus
600 2608 887 2662 suspensas
935 2591 1147 2646 vivendi
1192 2591 1387 2647 habere
1422 2592 1673 2647 rationes.
1833 2590 1994 2660 ἡμεῖς
2030 2588 2111 2663 δὲ]
2150 2591 2309 2660 ἡμεῖς
2347 2589 2406 2646 δὲ
2445 2598 2537 2645 καὶ

459 2679 622 2733 codex
657 2680 834 2734 Fabri.
907 2680 1110 2750 primus
1149 2696 1294 2733 error
1327 2678 1494 2733 fuisse
1530 2679 1767 2733 videtur:
1818 2686 1908 2730 καὶ
1946 2677 2106 2746 ἡμεῖς
2142 2675 2221 2742 δέ,
2262 2683 2410 2734 ortus
2445 2681 2538 2735 1116

460 2783 521 2819 ex
557 2766 589 2832 ξ
624 2771 693 2822 33
727 2767 847 2820 init.
920 2766 1015 2820 ubi
1050 2769 1156 2820 ost:
1196 2764 1531 2834 ἀπέρχομαι·
1571 2772 1664 2818 καὶ
1701 2765 1855 2833 ὑμεῖς
1892 2763 1951 2819 δὲ
1988 2796 2073 2821 -.

599 2856 684 2908 34.
754 2855 898 2909 τίνες
936 2850 997 2905 δὲ
1036 2852 1155 2906 ἐστὲ
1190 2854 1260 2908 N.
1376 2853 1385 2862 ⁴
1424 2844 1470 2904 ὦ
1507 2851 1840 2922 κατάρατοι]
1891 2853 1956 2907 de
2000 2854 2129 2908 diris
2166 2855 2539 2909 exsecrat-ioni-

459 2940 577 3004 buS,
613 2941 808 3010 quibus
846 2941 1033 2994 Timon
1078 2942 1162 2995 uti
1196 2941 1440 3011 plurimis
1488 2941 1708 3006 solebat,
1761 2941 1881 2995 vide
1925 2941 2295 3010 prolegomena
2340 2945 2537 2997 nostra.

598 3028 724 3082 libri
760 3024 941 3089 ἄπιτε,
981 3035 1180 3097 μιαροὶ
1216 3027 1418 3084 πάντες
1453 3026 1619 3084 ὄντες.
1698 3030 1755 3081 at
1789 3044 1951 3097 quum
1976 3026 2078 3081 duo
2099 3030 2310 3081 tantum
2344 3028 2540 3092 adsint,

461 3113 654 3169 Plutus
708 3117 764 3168 et
797 3115 1111 3180 MercuriuS,
1165 3116 1407 3184 sequitur
1451 3113 1655 3170 πάντες
1701 3117 2009 3184 corruptum
2056 3131 2187 3170 esse.
2262 3131 2365 3185 quo
2409 3114 2540 3168 vitio

461 3205 737 3272 perspecto
772 3203 979 3273 Bekker
1013 3202 1263 3271 conjecit:
1316 3199 1494 3263 ἄπιτε,
1537 3207 1737 3270 μιαροὶ
1771 3199 1991 3257 πάντως
2029 3198 2196 3257 ὄντες.
2270 3217 2452 3255 verum
2484 3200 2543 3254 id

351 3359 356 3363 .
463 3288 675 3357 quidem
719 3289 873 3342 attici
919 3288 978 3341 in
1011 3288 1097 3342 his
1133 3288 1519 3357 Aristophanes
1558 3287 1748 3342 dicunt
1779 3286 2149 3355 μιαρώτατοι,
2201 3304 2307 3342 non
2342 3293 2543 3358 μιαροὶ

461 3374 695 3431 πάντως.
770 3375 899 3428 hinc
936 3391 1033 3444 ego
1066 3373 1285 3431 πάντως
1331 3393 1362 3429 a
1395 3375 1634 3429 Bekkero
1670 3375 1947 3430 inventum
1990 3375 2183 3429 leniter
2213 3375 2542 3445 transposui:

465 3459 625 3514 ἄπιτε
662 3460 897 3523 πάντως,
936 3468 1135 3530 μιαροὶ
1175 3459 1341 3522 ὅντες,
1393 3463 1429 3516 1.
1470 3479 1514 3516 6.
1555 3477 1668 3526 ,cur
1700 3462 1808 3515 huc
1841 3462 2110 3530 veneritiffi
2155 3462 2351 3528 nesci0,
2398 3464 2543 3516 certo

463 3552 641 3602 tamen
686 3566 793 3602 non
838 3548 1056 3618 impune
1101 3549 1229 3602 hinc
1277 3548 1528 3602 abibitis‘.
1602 3565 1724 3602 nam
1757 3567 1805 3603 v.
1842 3546 2062 3605 πάντως
2108 3549 2270 3602 etiam
2304 3564 2424 3608 cum
2457 3547 2543 3602 fu·

463 3639 585 3688 turo
613 3636 875 3704 jungitur,
911 3636 1055 3690 sicut
1087 3635 1146 3689 in
1180 3636 1491 3689 Hermotim.
1530 3635 1616 3702 §4
1644 3635 1796 3700 med„
1832 3635 1962 3693 ibid.
2001 3635 2085 3703 §6
2119 3635 2258 3700 init,
2293 3636 2359 3689 D.
2380 3635 2539 3689 Mort.

465 3721 582 3785 XV,
619 3725 668 3785 3,
716 3719 883 3776 Arist.
920 3721 1104 3790 Equit.
1152 3740 1200 3776 v.
1238 3724 1342 3777 232
1379 3739 1475 3791 sq.,
1522 3721 1717 3776 Aesch.
1755 3721 2026 3776 Prometh.
2073 3740 2121 3776 v.
2159 3724 2261 3776 335
2312 3724 2368 3774 et
2412 3720 2542 3776 ibid.

466 3825 515 3862 v.
553 3809 687 3865 1057
726 3807 806 3863 od.
844 3809 1024 3863 Herm.
1181 3805 1377 3861 αὐτίκα
1422 3805 1574 3875 μάλα
1631 3808 1945 3866 P992PR0
1994 3810 2049 3861 et
2083 3826 2130 3871 v,
2176 3804 2327 3874 μάλα
2375 3824 2461 3861 om
2492 3806 2543 3862 A

468 3894 627 3948 solus.
766 3897 884 3951 τοῖς
918 3892 1119 3960 βώλοις
1154 3896 1280 3949 libri
1315 3912 1492 3949 omnes
1511 3894 1761 3963 (ΑΨΩΩ,
1779 3894 1992 3959 diserte,
2027 3897 2157 3964 puto
2182 3895 2343 3949 etiam
2358 3893 2544 3963 PRO),

468 3979 563 4033 sed
595 3982 738 4033 recte
770 3983 892 4036 ταῖς
924 3978 1126 4049 βώλοις
1161 3981 1601 4035 Hemsterhusius
1637 3998 1756 4035 cum
1790 3981 2043 4050 Berglero
2080 3981 2148 4035 ad
2179 3981 2420 4051 Alciphr.
2439 3982 2544 4048 ΙΠ,

469 4069 538 4123 34
570 4085 623 4137 p.
661 4071 780 4132 349,
816 4068 911 4122 ubi
943 4068 1199 4138 Alciphro
1232 4069 1376 4121 hunc
1411 4069 1589 4138 ipsum
1622 4069 1849 4123 Luciani
1881 4068 1918 4122 1.
1957 4069 2225 4124 imitatur:
2277 4072 2399 4126 ταῖς
2431 4067 2544 4138 βώ-

469 4150 601 4215 λοις,
639 4154 832 4224 inquit,
866 4153 993 4210 τοὺς
1026 4152 1332 4225 παριόντας
1366 4152 1561 4223 βάλλει
1597 4153 1648 4223 (ὃ
1688 4153 1911 4222 Τίμων).
1987 4154 2120 4208 adde
2157 4154 2547 4226 Schwidopium

469 4241 528 4294 in
565 4239 812 4296 Obscrvv.
850 4242 979 4296 Luc.
1017 4242 1107 4295 ΙΠ
1140 4259 1192 4311 p.
1230 4245 1280 4297 2.
1430 4241 1506 4308 μὴ
1546 4239 1742 4313 βάλῃς]
1777 4258 1840 4295 ex
1877 4244 1923 4292 Ο
1957 4241 2205 4296 Reiskius
2240 4240 2315 4309 μὴ
2354 4238 2541 4310 βάλλε,

471 4328 784 4397 Spengelius
820 4330 997 4382 autem
1029 4326 1106 4395 μὴ
1145 4325 1349 4397 βάλλης
1381 4329 1631 4382 enotavit.
1783 4325 1975 4380 οὑτοσὶ
2008 4328 2344 4390 ΑΟΩΩῃΡΕ,
2385 4317 2549 4385 οὗτος
