3099 5241
534 367 632 440 36
1358 392 1786 445 AOYKIANOY

918 456 953 476 Ο

532 564 797 654 κελεύσῃ
840 562 996 640 τούς
1033 562 1480 651 Κορύβαντας
1518 558 1960 649 συλλαβόντας
1998 587 2071 629 σε
2108 560 2613 630 διασπάσασθαι

530 670 577 756 ἢ
619 683 757 744 τοῖς
798 671 1016 736 λέουσι
1057 669 1487 754 παραβαλεῖν·
1551 666 1759 734 ταῦτα
1808 666 1988 734 δέδια
2031 665 2491 734 κινδυνεύοντά
2538 692 2613 734 σε

536 772 772 861 ὁρῶσα.
846 777 908 841 2.
954 772 1236 841 ΕΡΩΣ.
1287 769 1524 859 θάρρει
1568 778 1799 858 μῆτερ,
1852 772 1992 837 ἐπεὶ
2036 773 2144 838 καὶ
2187 783 2325 847 τοῖς
2360 773 2610 839 λέουσιν

535 876 758 952 αὐτοῖς
810 875 941 963 ἤδη
1003 873 1298 962 ξυνήθης
1357 876 1514 962 εἰμι’·
1586 875 1694 940 καὶ
1749 873 2055 951 πολλάκις
2110 873 2449 962 ἐπαναβὰς
2503 877 2613 943 ἐπὶ

533 979 614 1048 τὰ
661 987 832 1048 νῶτα
876 981 984 1045 καὶ
1026 986 1145 1066 τῆς
1187 976 1400 1066 κόμης
1443 976 1814 1066 λαβόμενος
1857 978 2095 1068 ἡνιοχῶ
2131 977 2392 1054 αὐτούς·
2445 984 2508 1045 οἱ
2543 979 2613 1046 δὲ

538 1084 838 1152 σαίνουσί
883 1111 972 1172 με
1014 1086 1120 1150 καὶ
1163 1082 1290 1168 τὴν
1330 1096 1506 1172 χεῖρα
1553 1080 1896 1173 δεχόμενοι
1940 1088 2003 1158 ἐς
2045 1081 2122 1150 τὸ
2170 1080 2388 1169 στόμα
2431 1109 2615 1169 περι-

535 1186 1009 1277 λιχμησάμενοι
1070 1185 1471 1254 ἀποδιδόασί
1520 1213 1663 1274 μοι.
1761 1186 1924 1272 αὐτῆ
1985 1191 2114 1272 μὲν
2170 1185 2294 1277 γὰρ
2348 1186 2389 1273 ἦ
2438 1186 2607 1266 Ῥέα,

536 1290 700 1358 πότε
754 1291 842 1358 ἄν
898 1292 1103 1376 ἐκείνη
1165 1289 1399 1381 σχολὴν
1444 1289 1679 1380 ἀγάγοι
1724 1294 1826 1357 ἐπ’
1876 1295 1994 1378 ἐμὲ
2039 1293 2154 1377 ὅλη
2203 1286 2369 1358 οὖσα
2413 1295 2484 1358 ἐν
2524 1296 2614 1378 τῷ

523 1395 769 1484 ’Ἁττῃς
826 1396 1035 1462 καίτοι
1086 1394 1152 1461 τί
1166 1393 1314 1483 ·ἐγώ
1380 1393 1576 1460 ἀδικῶ
1624 1393 1872 1471 δεικνῦς
1914 1395 1998 1462 τοὶ
2042 1394 2204 1462 καλοὶ
2252 1392 2356 1462 οἷά
2404 1400 2615 1475 ἐστινς

537 1499 725 1587 ὑμεῖς
784 1499 855 1566 δὲ
911 1497 1008 1586 μὴ
1057 1499 1322 1586 ἐφίεσθε
1382 1497 1621 1566 αὐτῶν.
1716 1500 1937 1568 ΑΦΡ.
2006 1499 2131 1565 ἀλλ’
2193 1497 2523 1565 ἀδύνατον
2567 1494 2615 1565 ὦ

400 1617 503 1674 235
536 1605 768 1671 τέκνον
810 1600 907 1690 μὴ
956 1603 1258 1689 ἐφίεσθαι
1302 1608 1434 1670 τῶν
1477 1605 1711 1671 καλῶν.
1808 1603 2089 1671 ΕΡΩΣ.
2160 1601 2258 1687 μή
2304 1603 2525 1670 τοίνυν
2570 1603 2616 1645 *²*

537 1712 655 1794 ἐμὲ
715 1711 1020 1774 αἰτιᾶσθε
1076 1704 1348 1773 τούτων.
1427 1705 1472 1791 ἢ
1526 1708 1742 1782 θέλεις
1800 1705 1903 1786 σὺ,
1977 1703 2024 1774 ὦ
2083 1715 2316 1794 μῆτερ,
2388 1707 2618 1794 μηκέτι

536 1937 589 1989 p.
627 1921 728 1977 749
765 1920 821 1972 et
852 1936 903 1988 p.
940 1918 1044 1974 858
1079 1917 1161 1971 ed.
1198 1933 1318 1982 sec„
1353 1917 1474 1972 ubi:
1524 1917 1775 1984 ‚dubium,
1819 1918 2013 1988 inquit,
2061 1934 2130 1971 an
2178 1918 2376 1972 rectius
2412 1916 2620 1972 dicatur

541 2004 599 2057 ἐν
636 2004 835 2057 ἑαυτοῦ
889 2002 1075 2061 εἶναι’,
1101 2004 1161 2057 in
1205 2003 1513 2073 hujusmodi
1558 2004 1691 2059 locis
1737 2004 1999 2074 praeferre
2050 2004 2355 2072 genetivum
2402 2003 2619 2070 solebat,

543 2109 648 2161 quo
683 2092 800 2161 ipse
834 2089 1222 2160 Aristophanes
1270 2091 1330 2144 in
1362 2092 1557 2161 Vespis
1606 2093 1708 2147 642
1744 2092 1930 2145 utitur.
2001 2091 2225 2145 Luciani
2265 2093 2442 2145 autem
2486 2094 2618 2144 tem-

542 2195 668 2249 pore
704 2178 809 2231 etsi
842 2178 921 2231 ita
954 2177 1190 2231 dativum
1225 2192 1432 2247 quoque
1466 2179 1703 2248 positum
1738 2194 1853 2232 esse
1888 2180 2124 2232 constat:
2159 2181 2336 2232 tamen
2370 2194 2531 2248 quum
2562 2178 2621 2231 in

541 2267 608 2319 D.
645 2265 778 2318 Mar.
812 2264 888 2328 11,
923 2265 957 2318 2
1000 2280 1097 2333 pro
1130 2263 1349 2332 vulgata
1383 2262 1441 2316 ἐν
1479 2261 1695 2331 ἐμαυτῷ
1732 2264 1779 2318 Β
1816 2264 2046 2334 optimus
2083 2264 2246 2319 codex
2282 2263 2341 2316 ἐν
2380 2262 2617 2332 ἐμαυτοῦ

543 2351 802 2416 exhibeat,
838 2351 928 2405 hic
961 2351 1092 2404 item
1125 2350 1384 2420 conjicere
1419 2351 1599 2406 malim
1634 2349 1716 2404 ἔτι
1753 2349 1811 2403 ἐν
1849 2349 2015 2417 αὐτῆς
2052 2341 2190 2403 οὖσα
2225 2354 2349 2421 post
2365 2351 2622 2406 Cobetum

542 2439 609 2492 V.
646 2438 707 2492 L.
743 2454 795 2508 p.
832 2438 936 2494 228
987 2440 1042 2492 et
1074 2436 1426 2493 Dindorfium.
1588 2434 1836 2510 κελεύσῃ]
1883 2434 2128 2490 κελεύσει
2159 2442 2220 2490 Ψ.
2384 2434 2621 2490 διασπά-

545 2524 776 2591 σασθαι]
815 2520 1269 2578 δισπάσασθαιΑ
1306 2523 1391 2591 (ut
1423 2521 1674 2594 videtur),
1711 2519 2020 2576 διασπᾶσαι
2042 2522 2107 2582 21.
2248 2520 2623 2592 παραβαλεῖν]

542 2606 926 2681 παραβάλλειν
963 2608 1029 2668 21.
1184 2610 1445 2664 ταῦτα-
1469 2609 1681 2680 ὁρῶσα]
1729 2611 1861 2667 haec
1904 2629 2067 2682 quum
2110 2611 2365 2680 languida
2409 2628 2525 2666 esse
2568 2613 2624 2665 et

541 2699 678 2753 male
713 2698 1081 2767 conglutinata
1115 2715 1287 2769 neque
1322 2698 1553 2753 rotunda
1584 2715 1684 2753 nec
1700 2700 1906 2753 Venere
1940 2698 2071 2753 satis
2108 2698 2271 2767 digna
2301 2698 2433 2752 mire
2460 2699 2622 2752 Hem-

543 2785 843 2840 sterhusius
876 2785 1195 2855 judicasset:
1243 2785 1359 2840 visa
1392 2788 1522 2840 sunt
1566 2788 1622 2839 et
1654 2785 1896 2856 Popponi
1940 2788 2190 2855 suspecta
2235 2787 2297 2839 et
2335 2783 2622 2839 Dindorfi0.

544 2871 638 2926 sed
672 2871 804 2926 haec
839 2872 999 2926 verba
1027 2872 1138 2939 jam
1172 2871 1302 2925 alibi
1336 2873 1468 2927 satis
1504 2889 1767 2943 superque
1804 2871 2031 2926 defendi.

681 2961 734 3014 2.
806 2956 1108 3028 ἐπαναβὰς]
1151 2956 1361 3026 ἀναβὰς
1396 2956 1460 3016 Ξῖ.
1601 2955 2166 3030 περιλιγχμησάμενοι
2196 2958 2245 3013 Α
2283 2956 2485 3026 (itaA).

543 3043 681 3099 πότε
721 3043 788 3097 ἂν
824 3043 1031 3113 ἐκείνη]
1068 3043 1244 3112 ἐκείνη
1286 3061 1372 3099 om
1403 3047 1454 3099 Δ
1489 3046 1633 3100 solus
1671 3045 1772 3115 (ita
1793 3044 1879 3113 A).
1952 3048 2009 3100 at
2046 3043 2223 3113 ἐκείνη
2263 3045 2354 3099 hic
2388 3062 2495 3100 non
2526 3046 2624 3100 mi-

543 3150 644 3187 nus
679 3134 816 3188 bene
862 3149 920 3186 se
954 3132 1132 3199 habet,
1178 3148 1337 3202 quam
1373 3129 1508 3198 αῧτη
1561 3132 1621 3185 in
1655 3133 1720 3187 D.
1756 3134 1889 3188 Mar.
1926 3132 2031 3198 ΠΙ,
2072 3134 2128 3188 1:
2180 3130 2215 3199 ἦ
2258 3127 2337 3195 δὲ,
2389 3131 2499 3184 ποῦ
2537 3151 2628 3185 σοι

544 3218 642 3289 γῆς
678 3216 813 3286 αὕτη
854 3219 972 3288 ῥεῖς
1016 3219 1198 3288 itaque
1243 3218 1380 3273 falsa
1423 3221 1507 3273 est
1560 3218 1862 3289 conjectura
1897 3219 2087 3274 Cobeti
2121 3219 2187 3273 V.
2223 3218 2285 3274 L.
2333 3236 2386 3288 p.
2423 3220 2527 3275 228
2573 3220 2628 3273 et

545 3373 834 3430 Dindorfii:
881 3371 1019 3426 πότε
1059 3371 1127 3428 ἃν
1162 3380 1256 3427 καὶ
1301 3373 1418 3444 (pro
1455 3371 1677 3443 ἐκείνη).
1831 3372 2048 3445 ἀγάγοι]
2086 3324 2386 3443 αῗοειιὼίο)
2430 3378 2487 3427 Ψ
2512 3375 2547 3429 i.
2582 3391 2625 3428 e.

548 3459 676 3532 ἄγοι
710 3464 767 3515 et
800 3477 964 3531 supra
999 3457 1138 3531 ἄγει.
1273 3458 1436 3535 ’Ἄττῃ
1474 3460 1684 3519 ΑΟἨΨ
1716 3464 1771 3516 et
1802 3479 1851 3528 V,
1890 3458 2024 3534 ἅττῃ
2061 3462 2125 3527 Β,
2148 3458 2332 3514 ’.Ἀττει
2366 3464 2432 3524 Δ,
2476 3458 2629 3514 ’Άττι

547 3567 580 3604 a
613 3550 670 3603 et
701 3549 796 3602 ubi
833 3568 854 3599 ι
886 3548 947 3602 in
979 3563 1082 3602 ras,
1119 3549 1186 3600 Ω.
1359 3546 1462 3618 ἐγὼ
1502 3565 1588 3603 om
1624 3546 1690 3606 Ξῖ.
1848 3547 1925 3617 μὴ
1978 3546 2211 3616 ἐφίεσθε
2264 3547 2378 3601 τῶν
2423 3545 2623 3600 καλῶν.

546 3635 622 3704 μὴ
661 3637 848 3688 τοίνυν
880 3633 1132 3690 ΒΑΟΨΩ
1178 3637 1233 3689 et
1265 3653 1314 3700 v,
1349 3634 1424 3703 μὴ
1466 3633 1737 3704 ἐφίεσθαι
1769 3634 1882 3688 τῶν
1930 3631 2129 3689 καλῶν.
2205 3634 2281 3703 μὴ
2327 3637 2516 3688 τοίνυν
2549 3652 2627 3705 pr.

547 3740 602 3777 m
635 3726 702 3785 A,
754 3721 849 3777 ubi
884 3738 973 3776 sec
1006 3738 1085 3776 m:
1136 3719 1387 3789 ἐφίεσθε,
1428 3722 1524 3778 sed
1558 3720 1611 3781 21
1646 3723 1750 3777 sic:
1789 3722 1864 3791 μὴ
1907 3720 2141 3791 ἐφίεσθε
2180 3720 2378 3775 αὐτῶν.
2450 3725 2627 3779 ΑΦΡ.

552 3805 660 3862 ἀλλ’
716 3804 992 3863 ἀδύνατον
1029 3799 1074 3860 ὦ
1109 3811 1303 3862 τέκνον
1338 3808 1414 3878 μὴ
1468 3807 1737 3878 ἐφίεσθαι
1782 3808 1895 3862 τῶν
1941 3804 2141 3861 καλῶν.
2209 3806 2333 3861 ἙΡ.
2384 3808 2460 3877 μὴ
2511 3810 2627 3862 τοί-

549 3916 646 3949 νυν
680 3924 768 3948 -.
842 3897 921 3950 ita
954 3894 1019 3962 21,
1065 3913 1320 3966 personae
1354 3899 1533 3951 tamen
1581 3897 1828 3966 ambiguo
1863 3896 2028 3951 ductu
2061 3897 2203 3951 inter
2231 3894 2368 3948 'ER
2410 3893 2629 3966 (Ἔρως)

551 3986 607 4039 et
639 3986 780 4051 ΕΡμ
816 3981 991 4054 (quasi
1014 3981 1190 4054 Ἑρμῆ
1196 3981 1262 4053 ς).
1336 4000 1470 4054 quae
1516 3985 1692 4039 omnia
1737 3987 1802 4037 ut
1832 4000 1929 4054 par
1973 3986 2057 4038 est
2088 3985 2403 4039 verbotenus
2438 3985 2629 4054 recepi.

549 4087 673 4126 nam
706 4071 797 4125 hic
832 4070 1045 4141 quidem
1080 4068 1130 4128 Ξῖ
1163 4087 1304 4125 unus
1337 4071 1562 4126 Luciani
1593 4086 1806 4125 manum
1842 4070 2084 4136 servavit,
2132 4087 2162 4125 e
2197 4071 2419 4126 caeteris
2454 4073 2632 4126 autem

551 4158 704 4214 libris
750 4157 910 4213 verba
953 4160 1155 4227 septem
1203 4174 1323 4212 cum
1365 4157 1568 4227 duplici
1613 4173 1839 4228 persona
1881 4157 2110 4237 pessime
2158 4156 2482 4223 exciderunt,
2538 4157 2630 4211 ab·

553 4246 762 4301 errante
797 4245 1002 4300 scribae
1049 4245 1200 4299 oculo
1250 4245 1315 4298 ab
1350 4245 1437 4299 his
1484 4244 1559 4313 μὴ
1603 4242 1836 4312 ἐφίεσθε
1880 4244 1947 4298 ad
1993 4244 2069 4312 μὴ
2111 4241 2393 4313 ἐφίεσθαι.
2469 4245 2631 4300 Hem·

556 4332 882 4388 sterhusium
914 4347 1037 4387 vero
1085 4331 1176 4387 hic
1210 4347 1362 4386 nemo
1407 4331 1627 4398 audivit,
1681 4329 1774 4401 qui
1806 4332 1952 4386 recte
1983 4331 2249 4402 jufficarat
2281 4329 2357 4399 μὴ
2400 4328 2631 4400 ἐφίεσθε
