3099 5241
553 384 704 458 200
1382 418 1814 472 Aooe’KIANm’

547 587 885 673 παρέλθω,
949 587 1058 654 καὶ
1117 588 1508 675 ἐσταλμένος
1548 602 1693 665 ταῖς
1738 586 2018 665 ὀθόναις
2059 588 2341 679 γελοίως,
2403 594 2626 675 μᾶζαν

409 701 514 757 340
549 697 617 759 ἐν
675 704 824 760 ταῖν
873 705 1084 782 χεροῖν
1142 696 1301 782 ἔχων
1357 691 1691 779 ε’σερπὺσω
1750 697 1793 736 ⁴*
1854 692 1961 760 διὰ
2019 701 2137 761 τοῦ
2188 694 2466 781 στομίου
2506 718 2627 761 τα-

548 802 778 864 πεινοῦ
827 795 1019 872 ὄντος
1063 801 1128 871 ἐς
1168 795 1245 863 τὸ
1293 794 1638 881 σπήλαιον,
1691 795 1809 864 οὐκ
1853 796 1938 865 ἂν
1984 797 2315 885 δυναίμην
2359 797 2619 877 εἰδέναι,

550 903 650 968 ὅτι
690 898 917 986 νεκρὸς
961 898 1024 966 εἶ
1061 901 1275 987 ὥσπερ
1319 898 1534 986 ἡμεῖς,
1599 899 1782 992 μόνῃ
1826 908 1908 990 τῇ
1949 903 2217 989 γοητείᾳ
2263 902 2625 990 διαφέρων,·

549 1003 706 1071 ἀλλὰ
764 1002 933 1089 πρὸς
989 1010 1108 1089 τῆς
1163 1010 1505 1089 μαντικῆς,
1578 1006 1645 1072 τί
1701 1005 1769 1073 δὲ
1829 1005 1864 1074 ὁ
1910 1008 2082 1092 ἥρως
2127 1005 2303 1074 ἐστίν
2317 1034 2345 1087 ,·
2410 1005 2625 1096 ἀγνοῶ

545 1106 694 1198 γάρ.
823 1109 1099 1176 ΤΡΟΦ.
1173 1112 1236 1184 ἐξ
1302 1106 1673 1196 ἀνθρώπου
1734 1136 1797 1176 τι
1862 1111 1968 1176 καὶ
2031 1117 2203 1177 θεοῦ
2270 1108 2618 1177 σύνθετον.

547 1214 796 1281 ΜΕΝ.
871 1214 910 1279 ὃ
963 1209 1137 1299 μήτε
1197 1210 1556 1300 ἄνθρωπός
1609 1218 1804 1293 ἐστιν,
1870 1213 1955 1289 ὥς
2008 1212 2160 1301 φῆς,
2221 1211 2395 1300 μὴτε
2436 1213 2620 1293 θεὸς,

547 1317 655 1383 καὶ
723 1314 1220 1403 συναμφότερόν
1288 1321 1441 1383 ἐστι.
1547 1323 1668 1384 νῦν
1738 1314 1859 1385 οὖν
1921 1331 2046 1385 ποῖ
2108 1342 2230 1386 σου
2292 1315 2368 1385 τὸ
2432 1325 2622 1385 θεῖον

547 1425 752 1487 ἐκεῖνο
796 1419 1138 1507 ἡμίτομον
1182 1417 1558 1505 ἀπελήλυθε
1572 1450 1597 1501 ,·
1666 1423 1944 1490 ΤΡΟΦ.
1994 1429 2134 1511 χρᾷ,
2188 1418 2236 1488 ὦ
2282 1424 2618 1502 Μένιππε,

546 1528 615 1590 ἐν
659 1524 969 1611 Βοιωτίᾳ.
1064 1525 1311 1591 ΜΕΝ.
1388 1524 1504 1591 οὐκ
1565 1524 1736 1605 οἶδα,
1798 1521 1845 1592 ὦ
1903 1524 2260 1613 Τροφώνιε,
2332 1527 2369 1593 ὅ
2413 1552 2476 1593 τι
2518 1529 2625 1593 καὶ

545 1629 766 1720 λέγεις·
818 1630 917 1695 ὅτι
958 1631 1189 1714 μέντοι
1233 1630 1381 1704 ὅλος
1425 1627 1490 1695 εἶ
1524 1628 1773 1717 νεκρὸς,
1824 1630 2100 1718 ἀκριβῶς
2144 1628 2295 1716 ὁρῶ.

409 1863 511 1917 341
959 1858 1001 1896 ὓ
1044 1855 1391 1923 ΕΡΜΟΥ
1446 1856 1641 1922 ΚΑΙ
1706 1856 2219 1925 ΧΑΡΩΝΟΣ.

727 1978 778 2044 1.
823 1976 1048 2045 ΕΡΜ.
1101 1974 1580 2066 Λογισώμεθα,
1618 1973 1665 2043 ὦ
1695 1983 2037 2064 πορθμεῦ,
2081 1981 2140 2044 εἰ
2165 1977 2360 2056 δοκεῖ,
2401 1974 2622 2045 ὁπόσα

549 2104 670 2166 μοι
714 2079 981 2166 ὀφείλεις
1022 2078 1178 2165 ἤδη,
1230 2082 1409 2157 ὅπως
1451 2079 1548 2168 μὴ
1600 2076 1799 2156 αὖθις
1842 2082 2150 2168 ἐρίζωμεν
2192 2083 2341 2169 περὶ
2381 2081 2617 2156 αὐτῶν.

549 2255 645 2310 sed
678 2272 794 2321 usu,
832 2255 926 2325 qui
958 2254 1012 2310 h.
1050 2256 1088 2309 l.
1125 2255 1304 2310 nullus
1340 2258 1425 2311 esi}
1459 2256 1727 2311 obfendor.
1797 2258 1978 2327 itaque
2012 2253 2117 2326 γάρ
2155 2273 2278 2312 cum
2311 2257 2623 2326 Voigtlaen-

548 2344 673 2398 dero
709 2344 765 2398 et
795 2342 1064 2411 Madvigio
1099 2342 1158 2396 in
1191 2341 1469 2398 Adversar.
1508 2344 1596 2398 Cr.
1635 2343 1666 2397 I
1698 2360 1750 2414 p.
1784 2346 1884 2399 681
1923 2342 2108 2398 delevi.
2179 2347 2453 2414 praeterea
2482 2346 2624 2399 Mat-

545 2431 696 2485 thiae
728 2446 824 2501 pro
862 2424 919 2504 εξ
946 2426 1023 2496 μή
1063 2429 1381 2499 conjiciebat
1426 2427 1495 2498 ἢν
1528 2427 1626 2497 μή,
1676 2429 1976 2498 Madvigius
2024 2432 2201 2484 autem
2248 2432 2284 2485 1.
2321 2432 2357 2486 1.
2397 2429 2623 2500 (servato

550 2512 607 2571 εἶ
636 2515 737 2585 μή)
784 2512 1092 2585 παρελθών
1130 2532 1227 2587 pro
1268 2513 1558 2584 παρέλθω.
1719 2513 1944 2585 γελοίως
1978 2533 2063 2570 om
2099 2514 2149 2573 21
2183 2517 2347 2573 solus,
2419 2517 2469 2573 A
2502 2520 2627 2587 post

546 2599 789 2675 γελοίως,
845 2620 953 2658 non
985 2606 1109 2658 ante
1142 2604 1491 2674 interpnngst,
1527 2606 1687 2659 recte.
1842 2602 2029 2670 μᾶζαν
2061 2619 2156 2675 pro
2191 2601 2379 2672 μάζαν
2412 2605 2625 2661 Jacobi-

546 2693 676 2747 tius,
819 2689 872 2748 ἐς
904 2689 969 2744 τὸ
1008 2687 1299 2760 σπήλαιον]
1336 2692 1468 2745 haec
1503 2708 1589 2746 om
1625 2688 1689 2757 Ἡ,
1726 2691 1821 2745 sed
1856 2686 1933 2747 εἰς
1965 2689 2030 2743 τὸ
2072 2689 2344 2759 σπήλαιον
2376 2692 2541 2746 habet
2562 2696 2622 2747 Ψ.

689 2774 962 2845 δυναίμην
997 2772 1207 2831 εἰδέναι
1239 2778 1408 2843 ACM,
1446 2773 1659 2831 εἰδέναι
1695 2775 1966 2847 δυναίμην
1992 2775 2058 2844 21,
2096 2775 2377 2847 ἐδυνάμην
2416 2774 2627 2832 εἰδέναι

557 2869 660 2918 ΨΦ
695 2868 750 2919 et
783 2884 830 2931 v,
866 2861 1160 2933 ἠδυνάμην
1197 2859 1407 2918 εἰδέναι
1441 2865 1600 2926 BAO,
1640 2865 1885 2934 pessime.
2045 2863 2223 2933 ἡμεῖς,
2262 2863 2431 2939 μόνῃ]
2467 2865 2626 2933 ἡμεῖς

547 2951 715 3021 μόνοι
753 2955 822 3004 Φ.
965 2954 1024 3005 τί
1057 2947 1118 3005 δὲ
1155 2949 1185 3004 ὅ
1227 2956 1278 3004 Φ
1314 2955 1371 3006 et
1401 2970 1449 3017 v,
1492 2955 1551 3004 τί
1585 2947 1645 3003 δὲ
1684 2941 1729 3003 ὦ
1766 2949 2046 3022 (superser.
2085 2951 2139 3020 ο)
2187 2956 2252 3014 Ψ,
2303 2955 2363 3005 τί
2392 2972 2451 3022 γε
2491 2951 2521 3005 ὁ
2558 2950 2624 3018 21,

546 3042 606 3092 τί
649 3036 745 3093 δαὶ
789 3037 819 3091 ὅ
856 3038 1065 3094 BAoc.
1222 3038 1329 3110 γὰρ
1367 3055 1452 3092 om
1488 3054 1533 3093 a.
1695 3035 1757 3099 ἐξ
1800 3035 2109 3106 ἀνθρώπου
2145 3067 2215 3076 -
2250 3038 2347 3091 νῦν
2397 3030 2513 3106 οὖν]
2565 3036 2625 3100 ἐξ

549 3125 858 3195 ἀνθρώπου
894 3146 951 3179 τι
986 3124 1260 3179 σύνθετον
1293 3123 1326 3177 ὃ
1360 3123 1501 3193 μήτε
1541 3121 1842 3193 ἅνθρωπός
1878 3123 1996 3177 ἐστι
2029 3123 2169 3193 μήτε
2197 3124 2336 3182 θεὸς
2368 3132 2461 3178 καὶ
2500 3145 2621 3178 συν-

550 3212 878 3283 αμφότερον
910 3211 1015 3283 γάρ
1055 3211 1187 3265 ἐστι.
1260 3216 1390 3265 ΜΕ.
1431 3211 1529 3264 νῦν
1566 3203 1665 3264 οὖν
1700 3209 1768 3269 21.
1911 3210 2042 3265 ἐστι.
2119 3212 2235 3281 νῦν]
2289 3211 2452 3266 ἐστὶν.
2526 3211 2625 3265 νῦν

547 3300 614 3356 A.
754 3299 866 3352 ποῦ
906 3318 1003 3352 σου
1040 3297 1306 3356 ΒΑΞΙΟΨ
1348 3301 1404 3353 et
1434 3317 1482 3364 v,
1528 3297 1639 3350 ποῦ
1691 3318 1781 3352 σοι
1815 3300 2088 3354 ΔΒΟΦΜ.
2159 3302 2265 3352 ποῖ
2299 3319 2397 3353 σου
2434 3316 2532 3368 ego
2566 3300 2625 3352 in

550 3385 791 3453 Quaestt.
827 3386 889 3442 L.
927 3402 980 3456 p.
1003 3387 1102 3442 111
1138 3385 1369 3441 restitui.
1440 3386 1617 3439 minus
1652 3388 1796 3440 recte
1829 3387 1934 3440 ποῖ
1967 3407 2058 3439 σοι
2094 3387 2363 3442 scribebat
2390 3386 2621 3442 Cobetus

548 3473 607 3527 in
639 3473 705 3528 V.
743 3473 804 3528 L.
840 3490 894 3543 p.
931 3474 1002 3529 84
1049 3475 1104 3527 et·
1148 3489 1200 3543 p.
1237 3474 1358 3529 229.
1515 3473 1581 3526 τὸ
1620 3474 1785 3526 θεῖον
1819 3471 1885 3539 21,
1937 3473 2001 3527 τὸ
2052 3472 2196 3527 θεὸν
2234 3476 2302 3535 Φ,
2353 3472 2418 3525 τὸ
2467 3471 2625 3525 θεῶν

547 3558 962 3624 ΒΑΟΨΔΒΟΜ,
997 3557 1062 3612 τὸ
1100 3559 1242 3612 θεοῦ
1279 3559 1395 3615 edd.
1433 3563 1562 3615 vett.
1632 3577 1794 3630 quum
1827 3561 2118 3631 scripturas
2165 3558 2230 3612 τὸ
2269 3560 2434 3612 θεῖον
2468 3562 2525 3613 et
2555 3557 2621 3612 τὸ

549 3645 692 3700 θεόν
724 3646 958 3701 nondum
991 3649 1212 3702 nossent
1227 3646 1322 3701 sed
1337 3663 1498 3702 unam
1513 3645 1578 3699 τὸ
1600 3647 1774 3709 θεῶν,
1814 3650 1992 3702 tamen
2025 3646 2088 3700 τὸ
2127 3646 2293 3699 θεῖον
2322 3645 2625 3716 conjectura

550 3733 699 3788 ducti
742 3734 940 3804 optime
983 3733 1336 3788 restituerunt
1368 3733 1806 3789 Hemsterhusius
1844 3732 1897 3803 (I
1935 3751 1988 3804 p.
2027 3732 2169 3800 340),
2214 3733 2250 3788 J
2249 3734 2493 3787 aeobsius
2544 3731 2623 3800 (in

548 3818 774 3875 Personi
806 3819 1085 3877 Adversar.
1122 3838 1174 3890 p.
1212 3819 1337 3888 288)
1373 3823 1428 3875 et
1463 3820 1697 3875 Cobetus
1734 3818 1814 3889 (in
1847 3822 1913 3875 V.
1950 3821 2011 3874 L.
2050 3837 2101 3889 p.
2130 3818 2274 3887 229),
2310 3836 2441 3889 quoe
2477 3819 2622 3872 solus

549 3907 793 3976 sequitur
825 3907 1146 3962 Dindorfius.
1290 3905 1321 3959 ὅ
1354 3927 1411 3960 τι
1445 3914 1538 3960 καὶ
1576 3903 1765 3975 λέγεις]
1818 3906 1876 3958 εἴ
1900 3925 1956 3958 τι
1995 3912 2089 3958 καὶ
2126 3903 2297 3975 λέγεις
2335 3909 2404 3968 Φ,
2458 3903 2495 3957 ἃ
2529 3911 2623 3957 καὶ

549 3989 721 4063 λέγεις
739 3990 804 4051 21.
923 3991 1065 4061 ὅλος]
1088 3990 1227 4051 ὅλως
1243 3995 1310 4049 D.
1430 3990 1486 4046 εἶ
1502 3991 1713 4062 νεκρὸς]
1736 3991 1932 4061 νεκρὸς
1958 3990 2013 4046 εἶ
2030 3991 2095 4051 21.
2240 3992 2381 4065 ὁρῶ]
2404 3987 2536 4045 οἶδα
2554 3989 2619 4049 ἓῑ.

689 4180 963 4255 Χάρωνος
995 4188 1089 4237 καὶ
1114 4182 1323 4252 Ἑρμοῦ
1362 4096 1590 4238 'rhoffi
1625 4201 1677 4253 p.
1717 4186 1768 4249 3,
1802 4186 1835 4239 6
1871 4186 1927 4238 et
1959 4202 2011 4254 p.
2049 4186 2133 4250 31,
2174 4186 2220 4238 l.

690 4274 739 4327 l.
810 4269 1075 4340 προθμεῢ
1111 4270 1226 4340 (sed
1260 4271 1319 4324 in
1351 4269 1527 4324 indice
1561 4269 1850 4339 πορθμεῦ)
1886 4270 1951 4326 A.
2095 4268 2368 4339 ἐρίζωμέν
2400 4288 2456 4321 τι
2489 4274 2622 4339 περὶ

552 4352 737 4410 αὐτῶν
781 4356 992 4412 ΒΑΨΦ
1037 4360 1095 4412 015
1138 4376 1185 4424 v,
1233 4355 1493 4427 ἐρίζομεν
1536 4377 1595 4411 τι
1639 4364 1773 4426 περὶ
1820 4354 2002 4410 αὐτῶν
2051 4359 2115 4420 0,
2174 4354 2447 4428 ἐρίσωμεν
2488 4361 2621 4427 περὶ
