3099 5241
583 445 669 510 64
1406 450 1850 503 ΛοΤΚῙΛΝοΤ

583 615 880 703 διαμπὰξ
924 615 1064 706 ἄχρι
1107 617 1274 704 πρὸς
1321 617 1443 704 τήν
1487 620 1732 710 πυγήν.
1831 621 2009 710 ὁρᾷς,
2079 622 2220 690 οἶόν
2264 651 2326 691 τι
2372 627 2665 714 ἐγένετο;

583 720 664 787 οὐ
717 729 832 787 τοῦ
892 720 1150 807 ἀνδρὸς,
1226 722 1384 789 ἀλλὰ
1444 736 1562 791 «τοῦ
1627 733 1839 795 ἵππου
1891 730 2145 812 μᾶλλον
2188 727 2264 795 τὸ
2314 728 2506 818 ἔργον
2548 725 2657 819 ἦν.

578 825 928 915 ἦγανὰκτει
974 825 1035 891 δ”
1079 829 1257 911 ὅμως
1297 828 1625 914 ὁμότιμος
1664 831 1753 897 ὧν
1786 846 1923 906 τοῖς
1958 832 2193 912 ἄλλοις,
2245 836 2350 898 καὶ
2387 832 2665 918 ἀπηξίου

582 929 837 1016 ἰδιώτης
903 935 1208 1000 κατιέναι.
1303 937 1363 1001 5.
1456 932 1489 999 ὃ
1552 934 1622 1000 δέ
1677 962 1752 1024 γε
1800 935 2105 1022 Ὀροίτης
2167 936 2201 1004 ὃ
2266 936 2502 1012 ἱππεὺς
2560 939 2664 1027 καὶ

578 1145 759 1215 βῶνος
804 1142 1082 1205 ΒΟΦἩΔ,
1138 1141 1191 1199 ἐς
1236 1142 1337 1196 τὸν
1382 1144 1646 1214 βουβῶνα
1681 1144 1775 1198 AF
1810 1147 1865 1199 et
1899 1164 1952 1200 v.
2131 1126 2285 1217 ἆὶρις
2329 1140 2461 1217 ὑπὸ]
2512 1144 2665 1215 ἄχρις

582 1231 717 1301 ὑπὲρ
757 1231 820 1289 21.
894 1229 1101 1284 correxi
1140 1245 1327 1297 supra:
1379 1228 1504 1298 ἰίχρι
1541 1230 1700 1300 πρὸς,
1743 1233 1886 1299 quod
1921 1235 2104 1288 noster
2149 1235 2450 1304 frequentat
2495 1249 2662 1302 eoque

579 1318 707 1387 quia
743 1318 801 1370 ix
837 1316 1122 1386 praecedit,
1169 1331 1293 1369 sane
1330 1332 1465 1385 opus
1512 1324 1613 1373 est.
1687 1318 1788 1372 hoc
1834 1319 1995 1374 dicit:
2045 1321 2126 1389 ,ab
2175 1321 2398 1390 inguine
2445 1320 2660 1388 penitus

578 1421 750 1474 usque
787 1405 853 1458 ad
904 1405 1088 1457 nates.‘
1171 1419 1313 1457 unus
1359 1404 1513 1457 antea
1562 1402 1754 1472 Seager
1799 1405 2042 1461 haeserat
2091 1409 2460 1477 Scribebatque
2510 1406 2664 1475 ἄχρις

581 1492 671 1547 ἐπὶ
707 1522 790 1545 -—.
862 1507 1002 1545 nova
1035 1507 1260 1560 persona
1305 1491 1430 1559 post
1474 1492 1577 1559 τὴν
1622 1492 1801 1561 πυγὴν
1843 1494 1898 1545 et
1943 1494 2142 1548 iterum
2187 1497 2251 1550 τὸ
2294 1497 2458 1565 ἔργον
2502 1494 2561 1548 in
2595 1494 2659 1552 A.

718 1578 782 1632 οὗ
802 1609 870 1618 —
892 1580 1055 1648 ἔργον
1078 1577 1390 1631 Antistheni
1428 1577 1517 1630 dat
1552 1576 1624 1632 M.
1651 1580 1706 1631 et
1739 1581 1860 1632 ante
1902 1579 2202 1649 ἠγανάκτει
2235 1582 2428 1637 inserit
2462 1586 2655 1645 KPA„

576 1667 740 1721 etiam
774 1671 823 1719 Ω
859 1666 968 1720 sic:
1015 1671 1189 1718 ANT.
1246 1664 1383 1735 ὁρᾷς
1421 1662 1542 1718 οἷόν
1578 1687 1633 1718 τι
1668 1696 1754 1734 —,
1803 1671 2023 1720 KPAT.
2065 1668 2365 1739 ἠγανάκτει
2398 1701 2484 1736 —‚
2520 1667 2661 1736 quod

575 1754 798 1807 minime
847 1754 959 1807 erat
1005 1752 1348 1821 probandum.
1527 1752 1691 1823 ἔργον
1734 1746 1805 1822 ἦν
1840 1754 1889 1811 21
1922 1754 2203 1826 praeclare,
2256 1759 2420 1827 ἔργον
2464 1755 2660 1810 caeteri

575 1846 634 1896 et
654 1860 708 1909 v,
744 1834 814 1910 ἦν
841 1840 1006 1909 vulgo
1041 1839 1247 1893 excidit
1280 1839 1445 1893 etiam
1480 1840 1735 1895 continuo
1771 1843 1894 1910 post
1931 1841 2144 1901 ἁπαλὸς
2179 1844 2475 1898 secundum
2510 1842 2658 1910 ipsos

481 1919 486 1925 ’
575 1930 727 1983 codd.
765 1930 820 1982 et
853 1929 916 1981 ut
950 1943 1102 1981 meus
1137 1927 1350 1980 animus
1403 1927 1488 1979 est
1523 1943 1685 1995 supra
1720 1944 1765 1981 c.
1804 1933 1838 1985 3
1873 1929 1993 1983 init.
2044 1932 2165 1998 post
2212 1930 2343 2000 ἤδη.
2523 1928 2658 1999 '57⁰2-

576 2015 788 2087 υάκτει]
833 2014 1202 2085 ἡγανακτὴκει
1239 2014 1304 2072 ἓῐ.
1484 2012 1556 2067 δ’.
1582 2014 1731 2081 ὅμως
1765 2016 1858 2070 AF
1896 2014 1954 2069 δὲ
1995 2017 2143 2085 ὅμως
2177 2018 2340 2086 vulgo
2376 2018 2432 2071 et
2465 2015 2658 2070 caeteri

574 2105 778 2172 praeter
815 2103 880 2171 ³21,
930 2102 1024 2172 qui
1075 2100 1133 2155 δὲ
1183 2101 1403 2169 (omisso
1454 2101 1643 2173 ὅμως).
1818 2107 1935 2161 τοῖς
1983 2103 2167 2162 ἄλλοις
2219 2105 2322 2166 (1221
2358 2106 2500 2171 etv,
2548 2103 2660 2156 τῶν

577 2189 753 2244 ἄλλων
777 2190 926 2245 BOA
949 2188 1162 2243 melius.
1328 2186 1453 2241 libri
1480 2205 1665 2243 omnes
1691 2199 1782 2244 καὶ
1810 2191 1967 2259 ἠξίου
1996 2191 2192 2250 ἱππεὺς
2217 2196 2485 2253 κατιέναι,
2525 2205 2657 2258 quae

571 2277 638 2332 ad
687 2276 923 2346 speciem
970 2276 1278 2345 incorrupta
1325 2275 1593 2329 videntur.
1666 2280 1721 2330 at
1769 2275 1964 2338 ἱππεὺς
2008 2281 2190 2334 statim
2239 2281 2361 2348 post
2404 2278 2659 2346 Ὀροίτης

570 2365 871 2419 necessario
918 2364 1227 2433 requiritur,
1277 2362 1500 2416 minime
1559 2359 1784 2431 ἰδιώτης
1829 2367 1972 2435 quod
2018 2367 2098 2421 ibi
2146 2368 2311 2421 nimis
2365 2364 2656 2420 absurdum

571 2454 670 2519 est,
721 2454 901 2506 contra
945 2451 1037 2505 hio
1085 2453 1206 2504 ante
1246 2454 1494 2503 κατιέναι
1529 2451 1677 2505 idem
1714 2448 1939 2521 ἰδιώτης
1983 2454 2138 2523 longe
2173 2456 2262 2509 est
2295 2451 2653 2522 aptissimum.

570 2538 752 2607 itaque
799 2541 1004 2593 certum
1051 2538 1190 2591 mihi
1236 2536 1694 2607 deliberatumque
1743 2542 1828 2594 est
1862 2541 2139 2595 vocabulis
2178 2539 2373 2597 ἱππεὺς
2407 2541 2463 2593 et
2499 2534 2653 2590 ἰδιώ·

571 2649 668 2692 της
714 2626 1058 2696 transpositis
1103 2626 1235 2679 haec
1284 2626 1364 2679 sic
1414 2625 1604 2680 debere
1648 2629 1944 2684 emendari:
2000 2639 2089 2683 καί
2141 2629 2382 2698 ἀπηξίου
2433 2623 2656 2691 ἰδιώτης

572 2719 838 2768 κατιέναι.
919 2715 949 2767 ὑ
990 2712 1049 2767 δὲ
1085 2735 1143 2784 γε
1179 2714 1435 2781 Ὀροίτης
1472 2713 1500 2765 5
1542 2711 1739 2772 ἱππεὺς
1770 2747 1853 2775 -,
1925 2718 2152 2771 Arsaces
2189 2718 2370 2770 autem
2404 2716 2655 2783 tanquam

569 2803 729 2856 homo
776 2802 1020 2871 privatus
1067 2801 1211 2855 abire
1257 2800 1325 2854 ad
1371 2800 1571 2854 inferos
1619 2801 1739 2856 ideo
1785 2803 2195 2872 dedignabatur,
2256 2803 2399 2871 quod
2446 2799 2653 2854 Mediae

568 2891 740 2943 fuerat
774 2891 1070 2958 praefectus
1108 2887 1375 2958 (ὕπαρχος
1400 2902 1559 2955 supra
1585 2905 1629 2942 c.
1657 2895 1689 2946 2
1714 2889 1877 2960 init).
1930 2908 2056 2944 nam
2093 2893 2330 2960 ἔπαρχος
2353 2891 2407 2943 et
2433 2884 2656 2954 ἰδιώτης

568 2977 634 3031 ab
668 2977 947 3031 historicis
983 2974 1328 3045 potissimum
1366 2977 1708 3041 opponuntur
1742 2979 1797 3030 et
1832 2977 2110 3031 simillima
2143 2977 2263 3046 alia,
2300 2978 2362 3030 ut
2397 2972 2655 3046 βασιλεὺς

569 3066 624 3118 et
662 3060 886 3129 ἰδιώτης
920 3065 978 3117 in
1016 3063 1253 3117 Charone
1289 3078 1334 3114 c.
1364 3065 1429 3118 18
1453 3062 1507 3114 et
1535 3061 1831 3118 Jcaromen.
1858 3081 1903 3118 c.
1937 3071 1998 3122 16
2021 3065 2162 3133 init,
2200 3067 2262 3118 ut
2296 3081 2378 3133 ap.
2403 3059 2649 3129 Xenoph.

567 3150 1048 3219 AnabaS.I,3‚11:
1087 3148 1212 3203 οὔτε
1254 3152 1562 3220 στρατηγοῦ
1602 3149 1726 3204 οἶῖτε
1768 3147 1994 3205 ἰδιώτου
2034 3150 2236 3221 ὄφελος
2270 3182 2353 3203 —-.
2425 3162 2652 3218 agnosco

567 3238 739 3307 igitur
795 3255 1014 3291 manum
1072 3238 1348 3306 antiquam
1411 3237 1784 3306 interpolantis
1832 3254 1958 3292 sana
2006 3241 2061 3292 et
2113 3239 2310 3308 cupide
2362 3234 2652 3305 repetentis

568 3325 856 3394 superiora,
905 3325 1046 3378 unde
1083 3325 1245 3379 etiam
1281 3323 1441 3393 ἠξίου
1478 3341 1574 3392 pro
1609 3326 1842 3393 genuino
1881 3325 2120 3395 ἀπηξίου
2159 3325 2298 3380 clam
2334 3322 2550 3378 suffecit
2583 3339 2651 3376 ex

568 3428 613 3464 c.
650 3417 684 3469 3
719 3411 869 3465 init.:
917 3411 1217 3482 ἠγανάκτει
1265 3432 1324 3464 π.
1365 3417 1419 3481 β.
1472 3420 1565 3465 καὶ
1613 3411 1817 3480 ἠξίου
1866 3414 1965 3466 τὸν
2010 3413 2186 3467 ἵππον
2231 3413 2377 3480 αὑτῷ
2435 3431 2649 3480 προσα-

566 3501 793 3567 χθῆναι.
870 3498 1024 3567 quasi
1059 3515 1186 3554 vero
1222 3497 1479 3552 Lucianei
1514 3500 1720 3567 saporis
1757 3500 1833 3552 sit
1869 3501 2078 3554 crambe
2112 3500 2355 3569 repetita.

707 3593 755 3643 5.
805 3585 1061 3656 Ὀροίτης
1097 3585 1241 3642 21AF
1275 3586 1330 3638 et
1364 3602 1417 3653 v,
1458 3585 1681 3654 ὀρώδης
1715 3587 1780 3656 B,
1819 3587 1848 3640 ὁ
1889 3585 2075 3656 ῥώὸης
2105 3588 2151 3643 O
2187 3586 2289 3657 (ita
2331 3588 2413 3656 O),
2453 3585 2653 3656 ὀρὺτης

569 3679 636 3737 Φ,
691 3670 917 3742 ἡρώδης
951 3672 1262 3747 VRU(TY).
1439 3676 1563 3742 post
1608 3674 1710 3729 hoc
1760 3691 1953 3729 nomen
1999 3674 2119 3728 add.
2159 3674 2188 3727 5
2231 3671 2456 3741 ἰδιώτης
2494 3672 2653 3729 Boo

563 3762 619 3815 et
651 3778 705 3829 v,
742 3760 838 3815 sed
875 3760 903 3813 ὁ
945 3757 1169 3826 ἰδιώτης
1205 3777 1292 3814 om
1328 3759 1472 3818 21ss
1506 3763 1562 3814 et
1596 3778 1659 3830 pr
1692 3779 1748 3814 m
1784 3766 1849 3814 Ω.
2028 3762 2266 3830 privatae
2312 3761 2473 3815 homo
2523 3776 2651 3814 con-

570 3848 794 3903 ditionis
828 3846 999 3902 fuisse
1028 3849 1140 3916 jam
1177 3864 1339 3916 supra
1373 3847 1555 3901 dictus
1591 3850 1704 3901 erat
1738 3849 1805 3916 (c.
1843 3854 1877 3905 2
1910 3848 2065 3905 init:
2099 3848 2355 3916 Ὀροίτης
2392 3848 2421 3901 5
2455 3846 2649 3914 Ἀρμέ-

563 3935 720 4005 νιος),
757 3937 820 3990 ut
853 3936 911 3989 id
945 3936 999 3990 h.
1035 3935 1070 3988 l.
1111 3934 1198 3989 vel
1235 3937 1509 4004 propterea
1543 3935 1726 3989 iterari
1760 3937 2004 4005 nequeat.
2077 3935 2303 3989 minime
2336 3950 2462 3989 vere
2498 3934 2649 3988 istud

565 4021 594 4075 5
640 4018 883 4088 ἰδιώτης,
925 4023 1015 4076 cui
1050 4011 1259 4093 aliquid
1295 4023 1411 4076 veri
1449 4022 1671 4076 subesse
1709 4022 1882 4090 debet,
1930 4039 2025 4091 per
2066 4022 2299 4091 optimos
2334 4021 2485 4080 codd.
2520 4020 2653 4074 licet

565 4126 890 4179 expungere.
959 4127 1151 4178 nempe
1188 4109 1425 4164 deletum
1460 4111 1544 4163 est
1578 4109 1636 4161 in
1675 4107 1820 4166 atAF
1853 4108 1919 4162 ab
1955 4108 2153 4178 aliquo,
2190 4109 2287 4177 qui
2320 4107 2506 4162 falsam
2542 4110 2649 4160 tra-

556 4197 850 4266 jectionem
881 4196 1135 4263 Ὀροίτης
1173 4196 1201 4249 ὁ
1246 4193 1470 4263 ἰδιώτης
1516 4196 1582 4250 ab
1632 4211 1689 4249 se
1722 4195 1831 4264 jam
1864 4195 2140 4249 inventam
2176 4197 2361 4265 utpote
2396 4194 2650 4249 vitiosam

562 4283 822 4353 corrigere
858 4284 1143 4338 nesciebat.
1218 4283 1311 4352 qui
1359 4282 1524 4336 libros
1564 4280 1708 4340 ἨΔΕ
1741 4283 1939 4337 temere
1983 4282 2158 4336 secuti
2195 4284 2339 4352 sunt,
2390 4281 2650 4336 debebant

561 4370 751 4425 saltem
783 4372 906 4440 post
934 4370 1191 4439 Ὀροίτης
1226 4370 1381 4439 signa
1412 4385 1608 4438 ponere
1644 4367 1878 4423 lacunae.
1937 4369 2049 4423 nisi
2085 4368 2232 4423 enim
2265 4369 2358 4423 hic
2391 4367 2650 4438 Ὀροίτης

563 4458 592 4512 ὁ
633 4455 885 4516 ἱππεὺς
921 4467 1011 4511 καὶ
1049 4457 1192 4511 πάνυ
1231 4488 1297 4498 -
1332 4457 1698 4526 antecesserit,
1747 4473 1808 4511 ea
1844 4473 1978 4525 quae
2014 4455 2256 4525 proxime
2293 4454 2645 4525 subsequitur
