3099 5241
1089 406 1467 462 ΝΒΚΡΙΚοι
1521 406 1919 462 ΔιΑΛοΓοι.
2398 378 2544 454 199

462 599 592 649 τεις
637 574 904 656 δοκεῖτε,
957 577 1064 643 καὶ
1110 580 1174 642 οἱ
1214 572 1491 662 μάταιοι
1532 583 1664 644 τῶν
1709 574 2080 664 ἀνθρώπων
2126 575 2329 656 θεοὺς
2371 577 2550 666 ὑμᾶς

462 674 897 763 ὑπειλήφασιν
946 677 1132 746 εἶναι.
1228 679 1588 747 ΑΜΦῙΛ.
1659 680 1724 746 τί
1768 674 1932 762 οὗνς
1986 678 2181 767 ἡμεῖς
2226 683 2442 763 αἴτιοι,
2493 686 2555 751 εἰ

463 778 581 846 ὑπ’
639 780 869 858 ἀνοίας
929 785 970 824 ⁴*
1036 787 1264 849 ἐκεῖνοι
1316 790 1592 850 τοιαῦτα
1649 784 1798 869 περὶ
1843 791 2080 869 νεκρῶν
2128 783 2508 865 δοξάζουσιν
2519 813 2548 868 ,·
2583 800 2686 854 339

466 885 710 951 ΜΕΝ.
779 884 913 951 ἀλλ’
974 885 1090 952 οὐκ
1150 884 1234 951 ἂν
1295 884 1624 967 ἐδόξαζον,
1691 890 1752 953 εί
1790 885 1887 974 μὴ
1936 892 2165 968 ζῶντες
2210 890 2316 955 καὶ
2359 888 2547 976 ὑμεῖς

461 994 733 1054 τοιαῦτα
793 987 1275 1074 ἐτερατεύεσθε,
1341 988 1426 1065 ὡς
1481 989 1563 1057 τά
1621 991 1944 1077 μέλλοντα
2004 989 2383 1077 προειδότες
2440 994 2547 1061 καὶ

462 1105 806 1178 προειπεῖν
864 1091 1225 1179 δυνάμενοι
1278 1107 1415 1168 τοῖς
1474 1097 1833 1181 ἐρομένοις.
1952 1096 2231 1164 ΤΡΟΦ.
2308 1091 2355 1162 ὦ
2400 1099 2548 1164 Μέ-

454 1215 688 1275 νιππε,
750 1195 1145 1288 Ἀμφίλοχος
1207 1201 1337 1283 μὲν
1406 1195 1632 1265 οὑτοσὶ
1700 1197 1785 1265 ἄν
1850 1198 2073 1284 εἰδείη,
2151 1200 2187 1263 ὅ
2251 1224 2314 1265 τι
2372 1197 2546 1288 αὐτῷ

464 1298 850 1387 ἀποκριτέον
910 1300 1073 1388 ὑπὲρ
1136 1299 1365 1367 αὑτοῦ·
1431 1298 1552 1388 ἐγώ
1600 1302 1669 1368 δὲ
1712 1303 1885 1389 ἥρως
1930 1303 2064 1389 εἰμὶ
2107 1302 2214 1368 καὶ
2257 1301 2548 1389 μαντεύ-

465 1427 649 1489 ομαι,
698 1402 785 1489 ἦν
828 1430 924 1480 τις
967 1407 1252 1493 κατέλθῃ
1296 1409 1451 1492 παρ’
1500 1407 1638 1492 ἐμέ.
1738 1403 1812 1472 σύ
1869 1405 1932 1472 δ’
1980 1410 2192 1481 ἔοικας
2240 1405 2357 1473 οὐκ
2402 1410 2548 1474 ἑπι-

465 1505 901 1593 δεδημηκέναι
927 1508 1263 1596 Λεβαδείᾳ
1307 1509 1382 1575 τὸ
1428 1506 1780 1596 παράπαν·
1832 1508 1907 1575 οὐ
1952 1506 2078 1599 γὰρ
2125 1507 2209 1576 ἀν
2252 1508 2547 1595 ἠπίστεις

465 1609 540 1677 οὐ
610 1609 888 1687 τούτοις.
1005 1614 1067 1680 2.
1136 1614 1383 1680 ΜΕΝ.
1454 1612 1521 1680 τί
1577 1611 1746 1699 (Vbs,-
1802 1617 1863 1680 εἰ
1911 1611 2010 1699 μῆ
2060 1618 2124 1688 ἐς
2167 1612 2546 1703 Λεβάδειαν

461 1809 598 1861 νιος“
634 1802 840 1859 fabulas
878 1804 1182 1870 docuerant,
1230 1805 1497 1871 Cratinus,
1543 1805 1956 1877 cephisodorus,
2002 1805 2201 1872 Alexis,
2236 1806 2541 1863 Menander.

465 1890 584 1945 vide
618 1890 943 1946 Meinekium
975 1891 1044 1946 ad
1077 1892 1326 1946 Menand.
1363 1910 1417 1964 p.
1460 1895 1560 1949 162
1596 1892 1679 1948 ed.
1716 1893 1763 1948 I.

604 1981 651 2034 1.
726 1976 870 2046 σφὼ]
911 1975 1015 2046 ἐγὼ
1053 1976 1383 2046 (utvidetur)
1407 1984 1470 2032 Ψ.
1614 1977 1728 2034 οἶδ’
1770 1977 1938 2049 ὅπως]
1977 1976 2138 2065 οίδά
2172 1977 2404 2037 ὅπωςΔ.

460 2083 742 2133 ΑΜΦΙΛ.
803 2079 919 2138 ἓῐΨ
944 2080 1215 2151 (fortasse)
1263 2099 1384 2137 oum
1419 2084 1843 2150 Hemsterhusio,
1890 2101 2148 2155 personae
2194 2088 2323 2140 nota
2354 2085 2415 2139 in
2446 2084 2545 2141 BA

461 2166 540 2236 (in
573 2170 800 2238 utroque
844 2168 935 2222 hio
981 2170 1037 2223 et
1081 2185 1237 2239 saepe
1281 2168 1456 2237 infra),
1515 2173 1734 2226 ΤΡΟΦ.
1786 2174 1889 2223 ΟΦ
1923 2174 1979 2227 et
2011 2191 2059 2227 v.
2218 2174 2278 2224 τί
2324 2161 2442 2240 οὖν]
2489 2174 2549 2224 τι·

458 2253 593 2323 γοῦν
635 2258 698 2306 Ψ.
773 2256 832 2307 τί
865 2244 994 2322 οὗνς
1045 2271 1168 2310 cum
1202 2256 1610 2311 Hemsterhusio
1658 2257 1896 2313 distinxi.
2050 2255 2137 2312 ὑπ’
2182 2255 2397 2327 ἀνοίας]
2433 2256 2541 2311 ὑπὸ

463 2338 654 2398 ἀνοίας
668 2339 839 2399 A210.
986 2340 1188 2404 ζῶντες
1221 2349 1315 2395 καὶ
1350 2341 1505 2410 ὑμεῖς
1520 2341 1831 2401 ΒΑΞΙΟΨΦ
1866 2346 1989 2410 etv,
2024 2351 2116 2398 καὶ
2156 2343 2357 2408 ζῶντες
2391 2342 2546 2413 ὑμεῖς

461 2427 520 2482 Μ
554 2427 716 2482 solue.
873 2424 1222 2498 προειδότες]
1280 2424 1488 2486 εἰδότες
1524 2427 1589 2486 21.
1747 2431 2063 2502 προειπεῖν]
2103 2426 2280 2485 εἰπεῖν
2316 2428 2382 2488 21.

462 2511 772 2582 ἐρομένοις]
809 2509 1098 2583 δεομένοις
1135 2513 1198 2582 21,
1235 2513 1537 2585 ἐρωμένοις
1571 2517 1655 2572 bo,
1798 2518 1900 2585 μέν
1938 2509 2371 2575 οὗτοςΒΑἳῑΟΦ
2406 2521 2462 2573 et
2494 2535 2543 2585 v,

459 2601 562 2669 μὲν
598 2598 772 2659 οὕτως
797 2605 860 2655 Ψ.
903 2602 1062 2658 hodie
1095 2603 1330 2674 corrigo:
1365 2601 1467 2672 μὲν
1504 2600 1696 2657 οὑτοσὶ
1724 2633 1808 2661 -.
1846 2623 2003 2677 saepe
2038 2605 2181 2661 enim
2196 2605 2543 2661 interlocuto-

458 2705 578 2742 rum
594 2689 810 2754 nomini,
846 2691 910 2744 ut
925 2690 1063 2745 scias
1083 2690 1268 2745 adesse
1287 2693 1626 2756 monstratos,
1666 2689 1864 2744 οὑτοσί
1877 2692 2110 2757 additur,
2146 2695 2209 2746 ut
2225 2693 2284 2747 in
2301 2694 2367 2748 D.
2384 2694 2542 2747 Mort.

459 2774 533 2830 Π.
576 2779 633 2831 1:
670 2771 857 2833 Μίδας
899 2776 1002 2844 μὲν
1039 2774 1237 2830 οὑτοσί
1268 2805 1353 2832 -.
1427 2794 1534 2831 non
1568 2778 1706 2832 mala
1742 2781 1920 2833 tamen
1956 2781 2037 2834 est
2085 2779 2388 2849 conjectura
2430 2795 2547 2834 mea

460 2862 713 2931 pristina:
765 2861 868 2931 μέν
906 2860 1072 2919 αὐτὸς
1106 2863 1171 2917 ab
1208 2863 1479 2918 nonnullis
1515 2868 1729 2935 recepta
1761 2866 1822 2919 in
1856 2866 2099 2932 Quaestt.
2136 2866 2198 2920 L.
2237 2883 2289 2935 p.
2331 2868 2414 2930 72,
2451 2865 2547 2919 ubi

459 2948 700 3018 pluribus
737 2948 964 3015 ostendi,
1002 2946 1166 3006 αὐτὸς
1203 2947 1270 3001 ἂν
1306 2944 1480 3017 εἰδείη
1523 2950 1678 3021 (‚ipse
1712 2950 1942 3020 viderit‘)
1983 2952 2272 3006 dictionem
2305 2968 2424 3006 esse
2459 2954 2542 3005 at-

459 3036 634 3091 ticam.
705 3035 922 3091 minime
954 3036 1286 3106 probandum
1319 3040 1419 3102 est,
1454 3053 1705 3106 graecum
1739 3041 1946 3095 tamen:
1987 3038 2090 3106 μέν
2126 3036 2319 3091 οὑτοσὶ
2356 3035 2536 3095 αὐτός.

460 3124 518 3176 at
549 3122 651 3190 μὲν
688 3111 849 3179 οὗτος
885 3119 1065 3185 αὐτός,
1107 3123 1250 3194 quod
1285 3123 1635 3179 Stallbaumio
1670 3125 1738 3179 ad
1771 3125 1911 3181 Plat.
1948 3124 2160 3180 Phileb.
2178 3142 2231 3194 p.
2253 3127 2284 3181 7
2319 3123 2542 3194 placuit,

460 3225 527 3262 ne
569 3224 757 3277 graece
811 3208 1025 3279 quidem
1076 3209 1280 3265 dietum
1326 3212 1425 3265 est.
1497 3210 1618 3265 vide
1669 3211 1756 3265 vel
1796 3211 2057 3267 Cobetum
2101 3213 2168 3266 V.
2217 3211 2279 3269 L.
2326 3228 2380 3281 p.
2418 3213 2537 3267 229.

460 3298 726 3350 caeterum
757 3296 887 3350 ibid.
925 3314 978 3366 p.
1018 3299 1086 3354 72
1121 3297 1284 3365 attigi
1328 3297 1489 3351 etiam
1533 3296 1671 3351 illud
1709 3298 1934 3366 εἴσομαι
1967 3295 2095 3351 τότε
2131 3298 2190 3351 in
2223 3297 2339 3354 JOV.
2380 3297 2536 3365 Trag.

465 3385 544 3448 12,
580 3383 648 3437 D.
688 3383 753 3437 D.
790 3382 887 3447 IV,
922 3384 955 3439 5
992 3383 1079 3448 aL,
1128 3383 1270 3453 quod
1303 3400 1468 3454 paene
1505 3385 1564 3437 in
1597 3385 1933 3455 proverbium
1966 3384 2103 3440 abiit
2136 3384 2375 3453 (‚kommt
2407 3383 2539 3448 Zeit‚

458 3467 660 3522 kommt
692 3465 874 3535 Rath‘)
927 3471 983 3522 et
1015 3468 1342 3524 reddendum
1391 3460 1478 3525 est
1507 3470 1758 3541 Euripidi
1803 3471 1864 3525 in
1900 3470 2157 3526 Androm.
2193 3489 2242 3526 v.
2279 3472 2401 3535 439,
2444 3469 2541 3523 ubi

460 3555 691 3624 corrige:
730 3551 866 3606 ὅταν
898 3550 1028 3607 τάδ’
1066 3545 1124 3627 ᾖ,
1163 3552 1272 3608 τότ’
1315 3558 1557 3626 εἴσομαι.
1634 3558 1859 3627 denique
1893 3556 2329 3613 inAesch.PerS.
2364 3575 2413 3612 v.
2437 3558 2540 3615 120

459 3640 823 3696 scribendum:
862 3636 1202 3695 ἀντίδουπον
1239 3642 1464 3705 εἴσεται,
1505 3646 1804 3714 comparato
1838 3643 2144 3700 Promethei
2176 3661 2331 3699 versu
2364 3643 2540 3699 notis-

460 3727 609 3784 simo.
755 3725 923 3782 αὗτοῦ
963 3725 1115 3786 210112
1152 3746 1273 3783 oum
1305 3730 1729 3796 Hemsterhusio,
1768 3728 1939 3784 αὐτοῦ
1957 3730 2113 3785 ΒΑΨ
2143 3733 2199 3784 et
2231 3749 2279 3786 v.
2424 3723 2538 3797 εἰμὶ

459 3813 572 3882 καὶ]
612 3811 755 3867 εἶναι
790 3821 883 3867 καὶ
918 3812 985 3872 21.
1131 3812 1200 3883 ἤν
1232 3834 1315 3874 τις
1350 3814 1594 3890 κατέλθῃ
1615 3815 2090 3882 ΒΑἋΟΟΔΒΦΜ,
2126 3812 2197 3884 ἤν
2230 3835 2311 3873 τις
2345 3812 2540 3869 κατέλ-

460 3902 564 3953 θοι
598 3901 715 3956 θᾶᾶ.
752 3904 900 3968 vett„
937 3905 1101 3959 εἴτις
1134 3899 1403 3956 κατέλθοι
1445 3908 1509 3956 Ψ.
1653 3901 1783 3975 παρ’
1825 3902 1941 3973 ἐμὲ]
1977 3901 2121 3975 πρὸς
2156 3900 2253 3972 ἐμὲ
2286 3900 2338 3961 21
2371 3903 2534 3959 solus.

612 3984 667 4041 δ’
711 3986 916 4057 ἔοικας]
955 3985 1015 4042 δέ
1053 3988 1238 4047 ἔοικας
1270 3988 1388 4048 A21.
1542 3989 1609 4044 τὸ
1654 3988 1927 4061 παράπαν
1968 3990 2266 4049 Jacobitius
2312 4006 2408 4062 pro
2442 4007 2537 4043 το·

458 4071 750 4142 παράπαν.
907 4073 974 4128 οὔ
1009 4075 1118 4148 γὰρ
1157 4073 1225 4129 ἂν
1259 4074 1310 4134 21
1345 4093 1465 4131 oum
1498 4077 1809 4143 Matthiaeo,
1846 4074 1911 4129 οὗ
1946 4075 2053 4148 γὰρ
2091 4077 2287 4133 caeteri
2318 4076 2447 4131 libri
2482 4080 2539 4131 et

427 4147 437 4157 ⁶
459 4178 507 4215 v.
648 4158 896 4229 ἠπίστεις
933 4158 1019 4232 σὺ]
1059 4161 1120 4215 σὺ
1160 4180 1245 4217 om
1280 4161 1346 4221 21.

597 4251 648 4304 2.
724 4245 777 4305 ἐς
810 4245 1156 4317 Λεβάδειαν]
1197 4247 1255 4302 έν
1288 4247 1583 4320 Λεβαδείᾳ
1619 4248 1686 4308 21.
1846 4249 1975 4304 libri
2007 4247 2113 4319 γὰρ
2150 4245 2440 4317 παρέλθω,
2478 4249 2537 4302 in

459 4351 563 4406 quo
598 4336 742 4390 vocis
777 4334 884 4407 γὰρ
922 4351 1030 4391 non
1064 4336 1423 4403 collocatione,
1459 4354 1617 4408 quam
1650 4338 1709 4392 in
1727 4338 1967 4404 Quaestt.
2005 4336 2068 4392 L.
2094 4353 2146 4408 p.
2171 4339 2272 4395 100
2308 4333 2536 4402 defendi,
