3099 5241
1369 409 1627 462 ΤΙΜΩΝ.
2395 377 2536 450 181

457 579 620 655 τίας·
730 587 851 647 νῦν
922 579 1197 665 Τίμωνα
1253 579 1629 668 γνωρίζετε,-
1688 587 1808 648 νῦν
1869 578 2305 665 Γναθωνίδης
2360 579 2544 665 φίλος

460 685 568 750 καὶ
652 687 693 726 ⁴*
775 681 1165 771 συμπότηςς
1232 691 1585 773 τοιγαροῦν
1653 683 1867 750 δίκαια
1934 684 2281 751 πέπονθεν
2350 676 2543 758 οὗτος
2582 696 2679 751 161

459 786 806 876 ἀχάριστος
851 788 963 855 ὤν.
1029 787 1222 874 ἡμεῖς
1268 788 1339 855 δὲ
1384 793 1448 855 οἱ
1490 787 1695 855 πάλαι
1741 785 2042 873 ξυνήθεις
2070 788 2178 854 καὶ
2202 788 2549 874 ξυνέφηβοι

459 894 563 958 καὶ
611 890 896 977 δημόται
945 895 1125 978 ὅμως
1165 890 1629 979 μετριάζομεν,
1689 890 1775 967 ὡς
1816 889 1913 977 pm)
1963 892 2300 976 ἐπιπηδᾶν
2345 891 2549 957 δοκῶ-

457 1020 608 1080 μεν.
701 1009 900 1084 χαῖρε,
963 991 1009 1063 ὦ
1074 997 1387 1076 δέσποτα,
1449 998 1556 1063 καὶ
1618 998 1796 1072 ὅπως
1854 992 2009 1071 τοὺς
2066 994 2349 1082 μιαροὺς
2390 993 2549 1062 τοὺ-

458 1124 612 1175 τους
676 1098 952 1176 κόλακας
1015 1099 1287 1189 φυλάξῃ,
1367 1099 1521 1176 τούς
1590 1102 1697 1168 ἐπὶ
1760 1108 1879 1186 τῆς
1942 1102 2266 1186 τραπέζης
2329 1096 2546 1186 μόνον

466 1203 765 1293 [φίλους,]
815 1204 896 1270 τοὶ
943 1203 1101 1270 ἄλλα
1150 1204 1219 1271 δὲ
1263 1203 1552 1292 κοράκων
1587 1204 1785 1273 οὐδὲν
1817 1205 2263 1291 διαφέροντας.
2338 1202 2548 1271 οὐκέτι

459 1309 806 1376 πιστευτέα
849 1315 980 1376 τῶν
1010 1316 1133 1377 νῦν
1163 1307 1406 1376 οὐδενί·
1455 1308 1703 1385 πάντες
1740 1307 2073 1398 ἀχάριστοι
2101 1309 2207 1374 καὶ
2236 1308 2542 1393 πονηροί.

462 1409 582 1500 ἐγώ
645 1412 715 1479 δὲ
769 1410 1092 1479 τάλαντόν
1154 1438 1257 1480 σοι
1298 1413 1604 1501 κομίζων,
1676 1412 1761 1489 ὡς
1819 1417 1982 1502 ἔχοις
2024 1411 2191 1499 πρὸς
2233 1409 2315 1479 τοὶ
2360 1436 2550 1479 κατε-

461 1515 777 1604 πείγοντα
834 1523 1142 1605 χρῆσθαι,
1204 1523 1364 1584 καθ’
1413 1514 1576 1584 ὁδὸν
1617 1516 1748 1603 ἤδη
1795 1516 2078 1603 πλησίον
2119 1516 2397 1602 ἥκουσα,
2465 1515 2548 1591 ὦς

463 1619 814 1704 πλουτοίης
878 1618 1302 1710 ὑπερμεγέθη
1370 1619 1514 1690 τινὰ
1584 1623 1897 1689 πλοῦτον.
2004 1621 2138 1706 ἥκω
2196 1626 2549 1708 τοιγαροῦν

463 1721 671 1790 ταῦτά
742 1748 814 1791 σε
875 1722 1329 1810 νουθετήσων·
1435 1726 1647 1793 καίτοι
1703 1723 1785 1792 σύ
1834 1750 1910 1814 γε
1968 1725 2136 1791 οὕτω
2201 1722 2404 1811 σοφὸς
2458 1722 2549 1792 ὢν

468 1826 659 1894 οὐδὲν
729 1829 877 1903 ἴσως
944 1827 1149 1918 δεήσῃ
1214 1835 1344 1899 τῶν
1409 1836 1572 1917 παρ’
1641 1835 1811 1917 ἐμοῦ
1866 1826 2101 1918 λόγων,
2173 1830 2243 1904 ὃς
2300 1829 2408 1895 καὶ
2459 1836 2547 1918 τῷ

465 1933 760 2018 Νέστορι
802 1930 877 1999 τὸ
926 1933 1077 2000 δέον
1121 1934 1580 2021 παραινέσειας
1626 1933 1732 2003 ἄν.
1839 1935 2043 2001 ΤΙΜ.
2096 1937 2277 2001 ἔσται
2310 1939 2542 2013 ταῦτα,

468 2030 517 2101 ὦ
585 2033 881 2122 Φιλιάδη·
944 2036 1119 2123 πλήν
1176 2036 1331 2106 ἄλλα
1388 2037 1688 2125 πρόσιθι,
1754 2037 1840 2114 ὥς
1881 2039 1989 2105 καὶ
2035 2041 2105 2106 σὲ
2148 2035 2552 2125 φιλοφρονή-

473 2163 678 2226 σομαι
719 2147 801 2228 τῇ
848 2139 1116 2232 δικέλλῃ.
1219 2144 1413 2212 ΦΙΛ.
1480 2142 1852 2229 ἄνθρωποι,
1902 2143 2186 2231 κατέαγα
2228 2150 2345 2209 τοῦ
2391 2166 2550 2229 κρα-

607 2371 692 2425 48.
766 2368 862 2422 νῦν
890 2398 959 2408 -
983 2368 1103 2442 νῦν]
1141 2372 1273 2426 haee
1308 2373 1415 2443 ipsi
1450 2372 1661 2427 Timoni
1694 2370 1831 2426 male
1864 2371 1958 2425 dat
1993 2371 2211 2426 Tzetzes
2248 2369 2388 2426 Chil.
2424 2370 2550 2437 vn,

474 2458 573 2513 129
621 2474 670 2510 v.
722 2458 802 2522 13,
858 2458 950 2527 qui
1004 2458 1070 2512 ab
1129 2459 1241 2513 solo
1299 2459 1402 2514 hoe
1453 2459 1680 2516 Luciani
1727 2458 1935 2526 dialogo
1987 2460 2137 2512 totus
2193 2460 2278 2512 est
2327 2474 2551 2528 suspen-

473 2559 578 2598 sus,
750 2533 914 2601 οὗτος
958 2544 1107 2600 APR
1157 2549 1213 2599 et
1260 2564 1307 2611 v,
1357 2541 1531 2600 οὕτως
1582 2541 1740 2611 OLY,
1789 2535 1961 2602 οὕτως
2008 2561 2051 2599 0.
2124 2544 2190 2599 de
2244 2546 2412 2603 ⁹¹99,
2457 2560 2552 2614 pa-

470 2646 589 2684 rum
625 2633 849 2686 constat.
994 2629 1272 2700 ξυνήθεις]
1304 2631 1565 2699 συνηθεῒς
1585 2635 1630 2682 Ο
1651 2629 1790 2700 (sie).
1862 2631 2107 2687 undecim
2133 2633 2315 2686 literas
2353 2627 2415 2684 οἱ
2441 2630 2551 2683 πά-

472 2712 566 2768 λαι
600 2714 730 2785 ξυνή
769 2735 855 2772 om
888 2719 954 2784 R,
999 2719 1094 2774 sed
1126 2719 1290 2774 habet
1324 2719 1556 2789 spatium
1588 2734 1827 2774 vacuum.
1980 2716 2131 2786 ὁμῶς
2163 2716 2554 2786 μετριάζωμεν

472 2803 539 2857 A.
682 2801 986 2874 ἐπιπηδᾶν]
1023 2805 1226 2861 frustra
1242 2805 1718 2861 Sommerbrodtius
1755 2803 1899 2872 ε’μπη
1908 2802 2013 2858 δᾶν
2046 2805 2288 2874 conjecit.
2429 2806 2556 2860 libri

473 2889 601 2946 τοὺς
637 2888 727 2943 ἐπὶ
775 2891 872 2958 τῆς
905 2892 1186 2959 τραπέζης
1220 2890 1412 2961 μόνον.
1488 2894 1547 2946 at
1578 2895 1702 2962 post
1735 2890 1912 2960 μόνον
1951 2892 2427 2947 Sommerbrodtius
2465 2910 2554 2947 ve-

479 2977 686 3032 rissime
735 2980 1001 3048 supplevit
1045 2979 1102 3033 id
1136 2980 1278 3050 quod
1322 2978 1506 3034 deesse
1539 2981 1752 3049 nequit:
1805 2977 2011 3048 φίλους.
2084 2996 2255 3049 neque
2298 2978 2415 3033 fieri
2456 2996 2553 3049 po-

474 3067 599 3129 test,
652 3067 717 3118 ut
749 3067 928 3135 potius
964 3067 1076 3121 sive
1113 3063 1300 3124 εὔνους
1335 3067 1446 3121 sive
1493 3065 1748 3135 ἑταίρους
1782 3066 2051 3121 exciderit.
2122 3083 2245 3121 nam
2293 3067 2554 3121 Sommer-

475 3150 684 3205 brodtio
719 3168 804 3206 res
841 3153 958 3222 ipsa
1000 3157 1056 3207 et
1101 3170 1232 3208 usus
1279 3152 1422 3207 favet
1455 3153 1755 3208 atticorum.
1826 3153 1906 3217 ita
1939 3152 2130 3207 Pollux
2163 3153 2258 3219 VI,
2296 3155 2397 3209 123
2430 3153 2549 3207 init.

476 3237 534 3290 in
570 3238 822 3307 epithetis
870 3239 983 3309 ejus
1031 3240 1123 3310 qui
1156 3236 1329 3301 κόλαξ
1370 3239 1647 3295 dicebatur
1690 3242 1932 3294 recenset
1963 3240 2066 3294 hoo
2097 3240 2300 3310 ipsum:
2345 3241 2552 3306 τραπέ-

480 3323 576 3392 ζης
612 3321 785 3392 φίλος.
861 3329 1095 3382 ceterum
1129 3327 1353 3382 Solanus
1400 3327 1603 3382 adtulit
1636 3327 1928 3396 Theognid.
1965 3345 2013 3381 v.
2055 3327 2183 3383 115:
2229 3322 2433 3379 πολλοι·
2463 3343 2555 3379 τοι

476 3410 673 3469 πόσιος
709 3417 803 3465 καὶ
835 3411 1080 3482 βρώσιός
1115 3407 1255 3466 εἰσιν
1290 3412 1525 3483 ἑταῖροι.
1669 3411 1741 3466 τὰ
1779 3410 1916 3466 ἄλλα
1955 3408 2038 3484 δέ]
2077 3408 2139 3467 δὲ
2175 3429 2260 3468 om
2297 3413 2410 3468 ΟΒ.

479 3566 737 3636 κοράκων
770 3570 983 3628 ΩΩιΟΡ
1017 3573 1074 3625 et
1106 3589 1154 3636 v,
1201 3567 1452 3624 κολάκων
1485 3569 1604 3633 ΑΒ,
1643 3518 1896 3623 κολάκων
1935 3573 1996 3622 Ψ.
2160 3567 2345 3625 οὐκέτι
2378 3571 2427 3626 A
2461 3589 2558 3642 pro

482 3653 582 3707 οὐκ
619 3653 718 3708 ἔτι.
863 3660 1191 3711 πιστευτέον
1229 3659 1288 3713 Τ.
1441 3658 1517 3725 τῷ
1555 3656 1824 3726 Νέστορι]
1861 3654 1974 3711 τῶν
2008 3659 2232 3726 νέστορι
2265 3657 2332 3723 A,
2367 3656 2431 3710 τὸ
2468 3660 2556 3711 νέ-

484 3760 646 3813 στορι
679 3743 747 3798 Β.
889 3742 1294 3812 παραινήσειας
1317 3745 1384 3801 A.
1527 3743 1685 3797 ἔσται
1717 3741 1919 3812 ταῦτα]
1953 3743 2091 3798 male
2122 3744 2438 3813 interpretes
2473 3744 2557 3799 in-

480 3830 771 3901 primisque
787 3832 973 3888 Faber.
1045 3833 1204 3886 immo
1239 3832 1297 3886 iu
1330 3834 1452 3887 voto
1486 3832 1568 3886 ita
1598 3832 1754 3887 attici
1786 3831 2153 3901 loquebantur,
2187 3830 2334 3884 velut
2346 3829 2558 3886 Aristo-

480 3917 682 3986 phanes
716 3918 776 3972 in
809 3919 1014 3975 Avibus
1048 3938 1096 3975 V.
1134 3922 1265 3976 446:
1304 3918 1460 3973 ἔσται
1491 3920 1738 3989 ταυταγί.
1886 3915 1959 3974 ὥς
1992 3922 2086 3970 καὶ
2121 3916 2179 3970 σέ
2213 3919 2385 3976 9920
2422 3920 2478 3973 et
2509 3936 2559 3985 v,

482 4012 576 4057 καὶ
614 4006 671 4058 οὲ
693 4003 800 4073 (om
819 4004 912 4073 ὡς)
929 4007 1037 4062 ΑΨ
1063 4010 1118 4061 et
1141 4010 1205 4062 ut
1220 4006 1431 4062 videtur
1446 4008 1559 4063 PR.
1632 4009 1691 4061 at
1726 4004 1797 4063 ὡς
1831 4007 1942 4060 tam
1976 4008 2061 4060 est
2093 4004 2463 4071 necessarium,
2496 4007 2560 4060 ut

482 4092 565 4146 vel
599 4096 783 4148 eontra
815 4110 995 4149 omnes
1030 4095 1238 4150 codices
1272 4094 1610 4151 inserendum
1646 4096 1804 4149 esset.
1949 4088 2458 4161 φιλοφρονήσωμαι
2488 4095 2555 4154 Ψ,

481 4180 623 4235 unde
655 4180 831 4236 elueet
862 4182 921 4236 in
956 4183 1245 4252 archetypo
1278 4183 1436 4253 hujus
1473 4182 1671 4237 codicis
1708 4178 1780 4238 ὥς
1813 4180 1990 4234 adhuo
2021 4179 2220 4234 lectum
2234 4179 2421 4234 fuisse.

481 4269 714 4337 κατέαγε
748 4268 815 4324 Α.
883 4269 1044 4324 verba
1075 4272 1316 4339 κατέαγα
1349 4268 1449 4323 τοῦ
1484 4270 1717 4339 κρανίου
1765 4267 1939 4324 adfert
1972 4267 2199 4323 Thomas
2234 4284 2288 4337 p.
2327 4267 2444 4332 192,
2494 4267 2556 4321 17

484 4361 539 4413 et
571 4372 624 4425 p.
662 4357 781 4422 208,
815 4357 864 4411 3.
