3099 5241
564 397 709 470 186
1385 424 1828 478 ΛοῬΚιΑΝοῬ

555 620 694 682 μον
749 593 1066 683 διορύξας.
1184 597 1388 662 ΤΙΜ.
1460 595 1536 662 οὗ
1600 593 1944 681 διώρυκται
1999 593 2155 661 οὐδὲ
2198 585 2413 671 οὗτος,
2474 594 2635 660 ὥστε

556 697 863 768 ἀπίθανά
936 725 1059 769 σου
1120 700 1228 766 καὶ
1290 707 1521 767 ταῦτα.
1633 701 1872 766 ΔΗΜ.
1947 696 2446 787 διορυχθήσεται
2508 702 2633 784 μὲν

551 805 850 891 ὕστερον·
920 804 1050 889 ἤδη
1113 804 1184 871 δὲ
1245 801 1321 871 σύ
1383 801 1607 870 πάντα
1661 801 1744 870 τά
1803 809 1875 869 ἐν
1920 803 2092 891 αὐτῷ
2138 808 2317 890 ἔχεις.
2424 805 2625 868 ΤΙΜ.

555 907 791 974 οὐκοῦν
845 909 954 973 καὶ
998 907 1200 992 ἄλλην
1242 906 1574 994 λάμβανε.·
1662 909 1886 974 ΔΗΜ.
1961 909 2144 993 οἴμοι
2185 906 2263 973 τό
2306 905 2634 993 μετάφρε-

550 1037 694 1079 νον.
801 1013 1004 1079 ΤΙΜ.
1068 1011 1166 1099 μή
1213 1014 1541 1101 κέκραχθι·
1594 1011 1870 1078 κατοίσω
1913 1009 2037 1099 γάρ
2085 1036 2189 1078 σοι
2233 1012 2338 1077 καὶ
2381 1011 2625 1097 τρίτην.

551 1118 694 1183 ἐπεὶ
736 1117 841 1183 καὶ
885 1117 1103 1204 γελοῖα
1145 1115 1442 1201 πάμπαν
1486 1116 1571 1184 ἄν
1613 1114 1936 1200 πάθοιμι,
1987 1114 2105 1182 δίο
2150 1120 2280 1202 μὲν
2304 1114 2632 1182 Λακεδαι-

550 1219 801 1305 μονίων
861 1217 1078 1307 μόρας
1131 1217 1511 1306 κατακόψας
1571 1219 1883 1297 ἄνοπλος,
1956 1228 2030 1286 ἓν
2089 1220 2161 1286 δὲ
2215 1219 2458 1308 μιαρόν
2517 1218 2634 1284 ἆν-

553 1321 858 1409 θρώπιον
901 1322 999 1410 μῆ
1046 1323 1413 1409 ἐπιτρίψας·
1475 1321 1699 1409 μάτην
1743 1321 1866 1411 γάρ
1914 1322 1998 1389 ἄν
2043 1326 2186 1408 εἴην
2227 1325 2335 1390 καὶ
2379 1309 2633 1409 νενιῖη-

551 1426 675 1503 κῶς
709 1425 1052 1513 Ὀλύμπια
1109 1426 1238 1504 πὺξ
1278 1429 1384 1493 καί
1428 1425 1673 1512 πάλην.
1767 1429 1873 1495 54.
1945 1426 2101 1493 ἀλλὰ
2143 1429 2208 1494 τί
2248 1435 2492 1509 τοῦτος
2552 1428 2627 1495 οὐ

560 1531 943 1617 Θρασυκλῆς
988 1530 1023 1597 ό
1069 1529 1422 1618 φιλόσοφος
1468 1525 1660 1606 οὗτός
1705 1536 1921 1612 ἑοτινς
1967 1530 2050 1597 οὐ
2088 1536 2215 1617 μὲν
2262 1529 2379 1599 οὖν
2416 1533 2626 1608 ἄλλος·

418 1650 518 1705 170
553 1632 911 1711 ἐκπετάσας
955 1638 996 1677 ⁴*
1038 1643 1199 1724 γοῦν
1244 1633 1363 1704 τὸν
1405 1633 1689 1725 πώγωνα
1733 1637 1839 1701 καὶ
1881 1634 1998 1710 τοὶς
2044 1635 2246 1722 ὀφρῦς
2291 1636 2634 1712 ἀνατείνας

550 1742 659 1806 καὶ
735 1738 1236 1827 βρενθυόμενός
1307 1767 1369 1806 τι
1434 1739 1603 1826 πρὸς
1669 1738 1875 1806 αὑτὸν
1940 1744 2205 1829 ἔρχεται,
2289 1743 2634 1816 τιτανῶδες

548 1844 828 1930 βλέπων,
900 1843 1480 1932 ἀνασεσοβημένος
1543 1842 1671 1929 τήν
1737 1846 1842 1910 ἐπὶ
1902 1851 1990 1930 τῷ
2048 1842 2330 1933 μετώπῳ
2388 1844 2625 1930 κόμην,

554 1947 982 2036 Αὐτοβορέας
1044 1975 1140 2025 τις
1204 1948 1248 2034 ἢ
1329 1948 1604 2036 Τρίτων,
1678 1954 1856 2024 οἴους
1924 1948 1960 2014 ό
2028 1950 2258 2025 Ζεῦξις
2323 1952 2625 2038 ἔγραψεν.

554 2045 746 2127 οὗτος
789 2050 826 2119 ὃ
869 2051 946 2120 τὸ
995 2060 1214 2142 σχῆμα
1262 2051 1576 2138 εὐσταλὴς
1618 2055 1724 2119 καὶ
1769 2050 2042 2140 κόσμιος
2086 2051 2161 2120 τὰ
2193 2052 2494 2140 βάδισμα
2527 2055 2633 2121 καὶ

553 2278 950 2349 διορώρυκται,
1008 2298 1114 2336 non
1160 2281 1252 2336 ille
1298 2283 1475 2336 tamen
1522 2298 1686 2336 ausus
1731 2298 1893 2351 supra
1937 2282 1969 2349 ξ
2008 2285 2076 2339 10
2122 2299 2219 2352 pro
2265 2285 2632 2352 κατεαγμέναι

554 2362 692 2421 εἰσίν
738 2370 900 2424 attice
946 2369 1177 2425 seribere
1224 2366 1575 2438 κατεάγασιν.
1755 2364 2191 2437 διορυχθήσεται
2235 2369 2626 2432 ΑΟΨΩΩςΡΒ,

554 2450 839 2523 διωρυχθή
848 2474 1003 2509 σεται
1051 2456 1168 2511 edd.
1223 2459 1347 2510 ante
1393 2456 1875 2511 Hemsterhusinm.
2036 2457 2226 2511 Timon
2276 2457 2515 2527 loquitur
2563 2457 2629 2511 ab

550 2537 659 2609 ἤδη
700 2538 761 2595 δὲ
801 2540 863 2594 σὺ
890 2560 1060 2613 usque
1091 2543 1161 2598 ad
1182 2549 1275 2596 καὶ
1312 2539 1481 2610 ἄλλην
1515 2540 1764 2613 λάμβανε
1793 2544 1932 2599 inA.
2074 2541 2184 2611 ἤδη
2227 2540 2287 2596 δὲ
2325 2544 2388 2596 σὺ
2424 2543 2630 2613 πάντα]

552 2629 614 2683 σὺ
655 2627 716 2683 δὲ
751 2628 934 2683 πάντα
969 2632 1035 2686 R..
1181 2631 1470 2699 κέκραχθι]
1507 2633 1750 2700 κέκραθι
1771 2633 1867 2687 Ra.
2007 2631 2244 2700 πάμπαν
2279 2629 2348 2685 ἄν
2379 2630 2633 2701 πάθοιμι

549 2717 863 2773 JaoobitiUS.
934 2718 1062 2772 libri
1095 2716 1331 2788 πάμπαν
1363 2716 1634 2787 πάθοιμι.
1778 2717 1958 2786 μόρας
1973 2719 2196 2774 Mehler.
2266 2719 2392 2773 libri
2408 2722 2626 2788 μοίρας,

548 2807 613 2858 ut
645 2822 806 2875 supra
840 2805 872 2873 §
907 2810 977 2863 50
1010 2805 1100 2860 fin.
1242 2804 1453 2875 μιαρὸν
1486 2809 1552 2859 ut
1584 2806 1743 2875 vulgo
1778 2806 1904 2860 libri
1940 2822 2119 2860 omnes
2146 2808 2355 2876 praeter
2371 2806 2503 2871 Yod,
2538 2807 2632 2860 ubi

547 2889 768 2961 μικρόν.
910 2889 1095 2960 μάτην
1129 2890 1235 2961 γὰρ
1276 2890 1343 2945 ἂν
1380 2892 1516 2960 εἴην]
1539 2893 1693 2948 attici
1712 2894 1923 2962 saepius
1942 2892 2131 2947 dicunt
2157 2890 2341 2960 μάτην
2373 2892 2480 2963 γὰρ
2520 2883 2632 2946 ὧδέ

546 2976 590 3049 γ’
632 2976 701 3032 ἂν
737 2980 875 3046 εἴην,
914 2982 979 3035 nt
994 2980 1278 3050 Euripides
1313 2981 1373 3034 in
1390 2979 1658 3035 Heracliti.
1678 2999 1724 3034 v.
1743 2982 1864 3045 283,
1899 2980 1994 3034 ubi
2027 2979 2147 3035 vide
2163 2979 2491 3034 Elmsleium.

546 3073 640 3121 καὶ
674 3070 798 3123 ante
833 3065 1130 3134 νενικηκώς
1164 3084 1251 3122 om
1283 3084 1331 3123 a.
1489 3065 1617 3130 πύξ,
1658 3067 1801 3138 quod.
1834 3066 2279 3122 Sommerbrodtio
2326 3070 2632 3137 suspectum

547 3157 676 3220 erat,
710 3155 845 3210 mihi
878 3153 1091 3209 videtur
1124 3154 1259 3209 bene
1295 3170 1499 3210 sanum.
1566 3154 1718 3224 jocus
1753 3155 1812 3208 in
1847 3171 1909 3209 eo
1944 3155 2209 3219 consistit,
2263 3154 2404 3224 quod
2442 3155 2630 3209 Timon

546 3241 699 3296 modo
748 3243 982 3296 Demean
1029 3238 1142 3304 πὺξ
1190 3239 1481 3303 ἐπάταξεν.
1557 3241 1677 3296 vide
1722 3241 1807 3297 vel
1851 3241 2127 3311 Aristoph.
2176 3242 2309 3295 Ran.
2350 3259 2398 3296 v.
2437 3243 2539 3299 547
2575 3244 2632 3296 et

548 3328 815 3384 Theocrit.
853 3329 1001 3392 XIV,
1037 3331 1123 3384 34.

686 3415 770 3470 54.
843 3410 1164 3482 Θρασυκλῆς
1197 3412 1226 3465 ὃ
1269 3410 1604 3486 φιλόσοφος]
1641 3413 1748 3468 duo
1781 3416 2033 3485 tempora,
2079 3414 2359 3484 antiquum
2394 3415 2629 3469 Timonis

547 3504 603 3556 et
636 3501 961 3556 Luoianeum
1009 3500 1388 3571 quodammodo
1434 3503 1845 3572 conjunguntur.
1919 3518 2082 3571 quum
2128 3502 2271 3555 enim
2317 3502 2522 3556 satirici
2557 3503 2631 3557 sit

547 3604 698 3643 snam
743 3587 915 3658 ipsius
960 3590 1189 3642 aetatem
1222 3587 1637 3657 reprehendere,
1667 3605 1776 3642 non
1823 3588 2001 3642 omnia
2043 3587 2112 3642 ad.
2163 3588 2398 3643 Timonis
2448 3605 2631 3645 aevum

547 3676 658 3730 sive
691 3675 759 3730 ad
792 3675 1009 3730 initium
1051 3674 1183 3729 beni
1217 3674 1599 3745 Peloponnesii
1645 3674 1741 3729 sed
1774 3674 2034 3729 nonnulla
2078 3674 2147 3729 ad.
2180 3675 2519 3740 Lucianeum,
2566 3678 2631 3729 ut

548 3762 852 3831 Thrasyclis
887 3761 1193 3832 philosophi
1207 3777 1436 3832 persona
1462 3764 1618 3816 unice
1633 3763 1920 3831 pertinent.
1992 3778 2128 3831 qnae
2159 3764 2340 3816 tamen
2372 3762 2491 3832 ipsa
2520 3764 2631 3816 tam

548 3848 737 3903 callide
772 3849 985 3903 obtecta
1017 3851 1160 3914 sunt,
1194 3852 1259 3903 ut
1292 3852 1378 3903 tot
1412 3849 1740 3904 saeculorum
1774 3847 2053 3903 intervalla
2084 3865 2153 3902 ne
2183 3849 2383 3903 sentiat
2400 3843 2629 3917 qnidem,

546 3934 653 3988 nisi
687 3935 781 4004 qui
812 3951 1128 4005 magnopere
1163 3935 1480 3992 adtenderit.
1555 3952 1676 3990 oum
1711 3935 2016 4004 Thi-osytae,
2052 3936 2146 4005 qui
2175 3936 2376 3990 stoicus
2404 3935 2630 3997 videtur,

547 4019 893 4075 conferendus
934 4019 1209 4089 Τιμοκλῆς
1242 4024 1447 4078 stoicus
1494 4024 1554 4077 in
1589 4023 1624 4078 J
1625 4040 1702 4077 ov.
1742 4022 1996 4091 'l'ragoed
2035 4023 2068 4090 ἓ
2103 4025 2171 4078 35
2206 4040 2324 4093 sqq.
2396 4025 2630 4078 ceterum

546 4106 683 4161 hano
720 4107 1024 4177 Thrasyelis
1062 4106 1117 4176 (ἓ
1136 4113 1207 4166 54
1241 4112 1302 4163 et
1330 4108 1422 4177 55)
1459 4109 1869 4179 descriptionem
1904 4111 1967 4163 ut
2003 4112 2279 4164 venustam
2314 4110 2629 4164 scholiastes

546 4197 602 4249 et
617 4194 944 4250 Wielandius
979 4198 1124 4250 recte
1159 4195 1518 4251 ‹issanda-runt.
1663 4194 1728 4249 οὐ
1769 4193 2106 4267 Θρασυκλῆς]
2145 4195 2174 4249 ὃ
2213 4193 2535 4265 θρασυκλῆς
2558 4200 2622 4248 Ψ.

685 4278 751 4334 οὗ
786 4281 888 4349 μὲν
923 4273 1045 4350 οὖν]
1086 4279 1470 4351 οὔμενσυνΑα.
1612 4283 1747 4353 γοῦν
1780 4301 1864 4338 om
1889 4287 1954 4335 Ψ.
2098 4281 2243 4353 πρὸς
2277 4282 2449 4336 αὑτὸν
2465 4285 2627 4338 Hem-

545 4368 861 4435 sterhusius,
892 4367 1035 4436 πρὸς
1070 4368 1270 4422 ἑαυτὸν
1309 4369 1373 4436 0,
1410 4368 1555 4438 πρὸς
1590 4367 1764 4423 αὐτὸν
1795 4369 1844 4426 A
1880 4374 1936 4426 et
1971 4369 2088 4425 edd.
2125 4373 2252 4425 vett.
2302 4370 2368 4425 de
2404 4369 2626 4426 oseteris
