3099 5241
585 450 897 508 XXXVIII
1401 449 1500 504 DE
1553 449 1859 505 LUCIANI

583 621 675 710 ἦν
732 628 800 692 ἐν
859 621 1087 711 ὗπήνῃ
1143 620 1371 712 πρώτῃ
1415 662 1521 688 -.
1611 625 1703 690 Ut
1761 645 1958 711 supra
2011 629 2219 712 posui,
2276 644 2412 690 nou
2469 627 2677 691 solum

585 733 729 799 edd.
796 731 1199 814 Kayseriana
1262 730 1505 813 priores
1574 729 1687 793 sed
1753 732 1878 814 ipsi
1943 732 2199 796 codices
2261 731 2418 813 (GE)
2483 732 2677 795 inter-

584 842 908 922 pungunt.
1001 833 1212 911 Quam
1272 834 1752 899 distinctionem
1795 834 2048 916 Kayser
2106 837 2198 898 ita
2252 837 2549 917 mutavit,
2603 840 2678 899 ut

583 940 863 1007 Herodis
924 940 1123 1005 oratio
1182 938 1433 1003 desinat
1488 939 1560 1002 in
1617 939 1816 1003 verba
1859 937 2282 1011 Ποσειδῶνος
2328 937 2590 1002 δεῖσθαι
2631 938 2675 1017 ἦ

586 1040 851 1128 ἀνδρὸς,
901 1065 979 1110 ac
1020 1048 1163 1107 tum
1204 1042 1634 1107 Philostratus
1677 1048 1935 1127 pergat:
1986 1042 2121 1107 “Or
2163 1042 2271 1125 (ὃν
2315 1041 2384 1107 δὲ
2431 1043 2678 1126 Kayser

587 1151 879 1233 conjecit)
925 1144 1198 1213 ἐκάλουν
1243 1149 1306 1210 οἱ
1359 1146 1590 1211 πολλοὶ
1631 1142 1958 1229 ‘Hpu'tdov
1996 1144 2360 1229 ιΙΙρακλιέα,
2416 1147 2673 1219 νεανίας

590 1245 784 1326 οὗτος
858 1246 951 1335 ἦν
1026 1255 1098 1316 ἐν
1176 1246 1403 1337 ὑπήνῃ
1481 1246 1732 1338 πρώτῃ.
1847 1252 1933 1315 Et
2009 1251 2338 1336 vulgatam
2416 1252 2675 1336 quidem

572 1359 1067 1423 ‘distinctionem
1111 1358 1310 1420 nimis
1353 1355 1701 1420 absurdam
1745 1376 1885 1421 esse
1928 1363 2187 1441 apparet
2230 1358 2423 1422 etiam
2467 1375 2677 1437 caeco,
2797 1428 2810 1439 ,

589 1480 783 1546 quam
826 1482 913 1527 ne
940 1461 1194 1545 Kayser
1234 1461 1495 1545 quidem
1530 1462 1793 1523 omnino
1835 1463 2206 1545 persanavit
2249 1461 2492 1545 duplici
2519 1462 2676 1524 vitio

584 1567 691 1632 vel
732 1566 910 1632 illato
952 1568 1059 1633 vel
1099 1565 1340 1630 relicto.
1449 1562 1741 1629 Mirabile
1784 1572 1882 1630 est
1924 1567 2119 1648 enim,
2181 1566 2356 1650 quod
2398 1565 2675 1649 Agathio

586 1690 720 1735 non
764 1671 981 1735 infans
1012 1670 1125 1735 sed
1163 1668 1535 1733 adolescens
1578 1669 1819 1752 primae
1862 1670 2193 1755 lanuginis
2223 1676 2287 1734 et
2322 1671 2457 1752 jam
2485 1674 2678 1732 natus

587 1794 728 1840 esse
788 1779 853 1840 et
905 1780 1037 1840 tota
1090 1776 1226 1838 vita
1281 1775 1712 1858 permansisse
1769 1774 2039 1839 dicitur:
2101 1775 2276 1859 quod
2330 1778 2678 1856 utrumque

585 1880 657 1943 in
700 1877 976 1962 Kayseri
1021 1879 1301 1944 editione
1328 1876 1756 1942 Philostratus
1801 1899 1956 1943 sane
2001 1878 2157 1943 dicit
2199 1881 2387 1963 isque
2429 1876 2679 1943 histori-

587 2003 726 2065 cus,
769 2003 903 2048 non
941 1984 1076 2065 jam
1119 1987 1408 2046 narrator
1448 1985 1746 2066 portenti.
1814 1983 2021 2048 Immo
2064 2003 2216 2048 vero
2248 1984 2677 2068 Agathionem

584 2087 1012 2152 Philostratus
1058 2088 1267 2152 dicere
1312 2086 1500 2151 debet
1542 2087 2009 2152 adolescentem
2063 2090 2307 2173 primae
2349 2088 2677 2171 lanuginis

584 2192 786 2258 fuisse
833 2198 1036 2258 aetate
1078 2191 1377 2273 Herodi8‚
1432 2191 1554 2254 hoc
1599 2197 1697 2256 est
1740 2212 1814 2257 eo
1856 2194 1998 2277 ipso
2045 2213 2238 2275 anno,
2299 2212 2430 2277 quo
2472 2192 2680 2256 Hero·

587 2296 701 2362 des
764 2298 837 2361 in
904 2297 1172 2382 epistola
1237 2296 1319 2359 ad
1383 2296 1428 2359 J
1432 2295 1724 2359 ulianum
1794 2297 1940 2361 data
2004 2298 2182 2361 hunc
2248 2297 2678 2381 Agathionem

588 2401 1023 2486 descripserat.
1137 2401 1432 2466 Alterum
1501 2406 1717 2464 autem
1787 2403 2022 2465 vitium
2099 2402 2299 2486 idque
2378 2400 2678 2464 omnibus

587 2505 729 2570 edd.
792 2525 1134 2571 commune
1200 2508 1271 2570 in
1336 2503 1552 2569 verbis
1606 2500 1929 2587 ιΗρώδου
1982 2503 2306 2587 “Ηρακλέα
2376 2506 2675 2570 cernitur.

589 2607 821 2694 Neque
863 2612 1037 2676 enim
1079 2609 1222 2675 fieri
1274 2614 1504 2695 potest,
1562 2615 1639 2673 ut
1681 2610 1957 2694 Agathio
2007 2610 2302 2693 ,Herodis
2344 2605 2674 2676 Hercules‘

601 2715 870 2797 dicatur,
934 2716 1085 2781 licet
1147 2717 1270 2780 hoc
1329 2716 1549 2799 ipsum
1615 2715 1891 2780 Solanus
1958 2716 2311 2780 defenderit
2374 2716 2456 2779 ad
2520 2715 2676 2779 Luc.

591 2816 866 2884 Demon.
917 2821 989 2884 1:
1037 2819 1416 2902 ‚Herodis
1459 2819 1938 2903 Herculem,
1981 2822 2219 2904 inquit,
2263 2826 2424 2887 teste
2466 2820 2679 2883 Philo·

587 2922 781 2988 strato
841 2922 1188 2988 vocabant:
1260 2924 1415 3007 quia
1474 2924 1554 2987 ab
1615 2924 1871 2989 Herode
1935 2927 2008 2989 in
2064 2926 2331 3009 epistola
2394 2926 2678 3009 longiore

587 3028 944 3093 celebratus
1006 3026 1253 3092 fuerat‘.
1364 3028 1455 3091 At
1522 3029 1631 3092 hic
1695 3030 1972 3113 Agathio
2051 3032 2334 3094 nominis
2410 3027 2678 3113 gloriam

587 3133 973 3217 acquisierat
1015 3134 1152 3197 suis
1194 3133 1403 3217 ipsius
1444 3133 1655 3215 factiS,
1702 3154 1868 3218 quae
1910 3151 2100 3199 nemo
2145 3140 2287 3199 tum
2329 3133 2678 3218 ignorabat,

587 3257 720 3302 non
788 3257 943 3302 sane
1008 3237 1288 3301 Herodis
1355 3237 1644 3320 epistola,
1712 3259 1909 3323 quam
1974 3257 2104 3303 non
2174 3245 2486 3303 noverant
2549 3239 2677 3302 nisi

586 3342 979 3426 paucissimi.
1054 3341 1289 3423 Quid,
1350 3342 1523 3425 quod
1585 3344 1724 3427 ipse
1778 3341 2202 3408 Philostratus
2258 3344 2472 3429 paullo
2531 3348 2678 3428 post

590 3464 740 3512 eum
807 3443 909 3511 bis
990 3443 1147 3510 dicit
1196 3443 1536 3529 Ἠρακλέα
1620 3448 1993 3532 simpliciter
2072 3448 2460 3533 appellatum
2538 3467 2678 3512 esse

585 3572 648 3636 p.
681 3549 841 3617 553:
885 3550 1197 3637 γενέσθαι
1229 3547 1301 3614 δὲ
1329 3546 1445 3614 τὸν
1478 3547 1822 3634 Ἠρακλέα
1869 3558 2106 3614 τοῦτον
2155 3553 2218 3615 οἱ
2261 3557 2385 3636 μὲν
2430 3556 2676 3639 γηγενῆ

592 3677 791 3739 φασιν
837 3661 902 3721 et
942 3675 1098 3720 mox
1140 3656 1408 3721 iterum:
1455 3651 1651 3739 ἤρετό
1698 3677 1768 3719 τε
1812 3653 2304 3745 τόνῇΗρακλέα
2350 3663 2597 3720 τοῦτον
2641 3652 2675 3718 ὁ

579 3755 899 3844 ιΗριιιόὁης
944 3797 1051 3844 -,
1118 3777 1312 3846 quam
1377 3779 1515 3826 rem
1583 3767 1752 3826 certo
1815 3761 2147 3826 Lucianus
2215 3761 2545 3832 confirmat
2607 3762 2679 3824 in

589 3863 860 3930 Demon.
912 3866 981 3931 l:
1037 3862 1158 3929 τὸν
1214 3860 1542 3937 Βοιώτιον
1600 3862 1994 3948 Σώστρατον
2038 3903 2146 3950 —-,
2206 3865 2284 3929 ὃν
2339 3863 2676 3948 “Ηρακλεά

596 3972 659 4034 οἱ
687 3968 998 4052 ’Έλληνες
1044 3965 1318 4035 ἐκάλουν
1361 3969 1465 4032 καὶ
1511 3967 1720 4056 ᾤοντο
1763 3968 1950 4036 εἶναι.
2043 3972 2364 4057 Equidem
2396 3975 2460 4034 et
2485 3972 2681 4035 inter-

596 4074 800 4139 ductu
857 4073 1134 4156 Kayseri
1200 4080 1265 4139 et
1318 4076 1683 4158 conjectura
1742 4074 1821 4138 ὃν
1881 4074 1951 4140 δὲ
2002 4097 2118 4162 pro
2172 4097 2232 4138 v,
2283 4073 2361 4138 ὃν
2419 4074 2680 4159 probata

594 4179 736 4263 ipse
821 4197 935 4262 pro
1021 4175 1162 4244 istis
1238 4173 1544 4261 Ἡρώδου
1619 4176 1942 4262 *Ηρακλέα
2043 4181 2453 4245 scribendum
2542 4199 2680 4244 esse

576 4275 927 4366 ‘anxzefm
978 4277 1069 4365 ἐφ’
1108 4279 1414 4365 Ἡρώδου
1448 4303 1708 4349 censeo:
1743 4281 1877 4349 ‘⁸01¹
1924 4283 1986 4349 δ’
2024 4280 2296 4349 ἐκάλουν
2341 4286 2403 4347 οἱ
2450 4284 2678 4348 πολλοὶ

577 4382 927 4470 Ἡρακλέα,
992 4384 1083 4471 ἐφ’
1122 4383 1430 4471 Ἡρώδου
1473 4385 1736 4461 νεανίας
1781 4382 1869 4472 ἦν
1915 4393 1983 4453 ἐν
2032 4385 2255 4474 ὑπήνῃ
2302 4385 2527 4473 πρώτῃ
2573 4426 2676 4450 -.
