3099 5241
577 422 810 479 XXXII
1391 422 1491 476 DE
1542 422 1848 478 Lucum

579 604 795 682 ρακλεῑ
834 599 1103 663 fortasse
1146 604 1393 663 certum
1420 597 1750 662 hominem
1777 600 2172 681 traduxerat,
2215 602 2280 663 et
2312 598 2430 680 qui
2457 615 2666 680 genus

577 723 800 768 eorum
865 705 1249 767 universum
1314 705 1653 786 castigarat
1708 704 1774 766 in
1838 706 2222 788 cognomine
2276 702 2520 783 fabula,
2586 700 2666 764 ab

580 807 954 873 Menandro.
1044 807 1131 871 Et
1187 807 1562 872 Menandrei
1625 807 1888 891 quidem
1948 808 2242 872 habitum
2284 806 2668 871 Plutarchus

581 914 917 997 descripsit
976 913 1050 975 in
1110 911 1329 977 Moral.
1377 932 1438 996 p.
1485 915 1591 994 59,
1635 932 1702 976 e:
1772 917 1842 976 ἐν
1902 911 2208 997 κωμῳδίᾳ
2274 906 2669 991 Μενάνδρου

591 1014 1057 1098 Ψευδηρακλῆς
1133 1013 1391 1099 πρόεισι
1471 1012 1766 1097 ρὀαλσν
1844 1018 2128 1100 κακίζων
2213 1011 2291 1078 σύ
2362 1011 2668 1098 στιβαρὸν

581 1118 724 1184 οὐδ’
787 1116 1070 1207 ἰσχυρὸν,
1143 1117 1300 1182 ἀλλὰ
1363 1116 1633 1206 ,χαῦνόν
1687 1145 1750 1183 τι
1808 1119 2086 1205 πλάσμα
2147 1121 2254 1182 καὶ
2312 1116 2669 1193 διάκενόν,(
2697 1124 2712 1141 ’

581 1245 749 1310 quae
812 1230 1131 1310 postrema
1196 1224 1395 1289 verba
1447 1225 1813 1309 Meinekius
1875 1228 1948 1290 in
2016 1227 2166 1291 edit.
2223 1225 2382 1288 min.
2430 1246 2492 1309 p.
2540 1224 2669 1301 966

578 1336 749 1395 recte
810 1330 933 1414 ipsi
978 1328 1332 1393 Menandro
1389 1328 1637 1411 tribuit,
1697 1332 2044 1414 praemisso
2098 1331 2220 1394 hoc
2263 1349 2459 1393 versu
2501 1329 2673 1411 ejus-

585 1435 733 1499 dem
795 1433 1051 1498 fabulae
1116 1454 1216 1518 ap.
1279 1433 1627 1498 Stobaeum
1683 1434 1850 1497 Flor.
1897 1435 2073 1518 XVI,
2131 1436 2248 1500 10:
2320 1430 2672 1518 ἀστοργίαν

592 1536 714 1625 ἔχει
766 1534 889 1600 τίν’
940 1533 977 1600 ὃ
1026 1534 1295 1620 σκληρὸς
1335 1538 1502 1622 βίος.
1597 1538 1798 1602 Aliud
1831 1539 2185 1609 Menandri
2231 1538 2670 1622 fragmentum

584 1664 685 1728 ap.
733 1643 929 1707 schol.
979 1640 1209 1723 OdySS.
1254 1639 1350 1725 β’,
1404 1644 1516 1709 10:
1583 1645 1689 1704 καὶ
1735 1639 1770 1706 ὃ
1821 1642 2245 1725 Μένανδρος·
2296 1637 2672 1724 ,ἐλεύθερόν

579 1770 645 1811 τι
686 1743 937 1829 τόλμης
982 1742 1059 1821 εἷ,
1120 1757 1352 1810 πονεῖν
1397 1743 1626 1828 θήραν
1668 1748 1998 1831 λέγοντας,
2064 1747 2235 1811 ὅπλα
2294 1745 2672 1833 βαστάζεινι

588 1872 794 1937 quum
837 1851 1278 1915 Buttmannus
1322 1852 1525 1916 editor
1565 1873 1630 1936 p.
1676 1853 1763 1917 49
1809 1855 1902 1917 sic
1945 1852 2376 1917 emendasset:

1250 1952 1603 2039 ἐλεύθερόν
1645 1980 1708 2019 ‘te
1749 1953 2067 2037 «τολμήσει
2110 1968 2363 2033 πονεῖν,

839 2065 1066 2142 θηρᾶν
1109 2060 1403 2136 λέοντας,
1455 2061 1628 2124 ὅπλα
1670 2057 2045 2145 βαστάζειν,

583 2165 671 2230 Μ.
717 2165 1047 2249 Hauptius
1108 2165 1196 2244 (in
1243 2160 1516 2229 Praefat.
1564 2167 1707 2230 Ind.
1751 2165 1950 2230 Lectt
2007 2168 2079 2230 in
2125 2163 2670 2230 Univers.Ber01.

583 2271 793 2335 hieme
853 2270 1138 2349 1855156
1195 2290 1256 2353 p.
1307 2270 1375 2354 6)
1434 2290 1568 2333 non
1625 2271 1838 2334 solum
1883 2271 2396 2387 emendationem
2439 2270 2674 2353 optime

584 2375 848 2459 perfecit
889 2375 1011 2437 hoc
1055 2375 1277 2438 modo:

1254 2473 1603 2561 &leve-ephr
1645 2504 1707 2541 τι
1749 2474 2065 2561 τολμήσει
2107 2490 2364 2555 ποιεῖν,

837 2588 1064 2665 θηρᾶν
1107 2583 1393 2659 λέοντας,
1445 2580 1780 2666 ῥόπαλα
1825 2578 2196 2668 βαστάζειν,

586 2708 816 2753 verum
862 2690 1055 2753 etiam
1097 2688 1219 2753 hoc
1260 2689 1691 2773 fragmentum
1738 2689 1957 2753 docuit
2000 2690 2082 2753 ad
2111 2687 2452 2754 Menandri
2493 2688 2678 2753 fabu-

586 2794 715 2857 lam
771 2790 1237 2877 Ψευδηρακλῆς
1288 2794 1695 2859 referendum
1752 2813 1911 2858 esse.
2001 2794 2046 2857 J
2046 2815 2151 2858 am
2206 2795 2286 2859 de
2332 2793 2676 2857 Commodo

586 2898 965 2982 imperatore
1032 2897 1172 2962 Ael.
1241 2898 1653 2983 Lampridius
1728 2899 1798 2962 in
1867 2898 2219 2962 Commodo
2283 2918 2336 2963 c.
2400 2900 2441 2964 8
2521 2899 2677 2962 haec

546 3003 873 3086 ·sc1:ipsit:
948 3003 1322 3086 ‚appellatus
1381 3008 1485 3067 est*
1533 3005 1726 3068 etiam
1782 3002 2186 3067 Romanus
2243 3002 2677 3084 HerculeS,

587 3107 763 3191 quod
805 3105 971 3170 feras
1014 3106 1295 3172 Lanuvii
1338 3110 1407 3171 in
1454 3109 1915 3192 amphitheatro
1962 3107 2337 3172 occidisset‘.
2365 3106 2421 3184 *)
2500 3097 2678 3170 Cete-

582 3231 731 3275 rum
775 3210 881 3273 hic
928 3230 1189 3295 quoque
1231 3211 1434 3276 falsus
1476 3212 1605 3276 fuit
1644 3211 1979 3296 HerculeS,
2026 3232 2220 3297 quem
2263 3211 2406 3275 ideo
2444 3210 2677 3294 Xiphi-
2747 3233 2764 3252 ⁴

586 3315 763 3380 linus
818 3334 855 3379 e
899 3313 1109 3379 Dione
1153 3317 1261 3399 52,
1309 3317 1393 3381 15
1450 3317 1606 3381 diris
1664 3317 1941 3400 devovit,
1996 3316 2408 3381 Herodianus
2463 3320 2678 3379 autem

590 3422 651 3502 1,
685 3421 769 3485 14
812 3438 1200 3504 magnopere
1245 3420 1483 3484 derisit.
1558 3420 1881 3486 Caracalla
1925 3423 2118 3486 etiam
2163 3422 2219 3485 si
2261 3440 2395 3484 non
2438 3440 2678 3505 parem,

586 3531 652 3591 at
705 3525 980 3610 similem
1024 3525 1331 3588 virtutem
1381 3526 1668 3609 jactavit,
1725 3526 1840 3609 qui
1894 3532 1971 3590 ut
2014 3532 2112 3590 est
2156 3546 2255 3609 ap.
2300 3525 2442 3589 Ael.
2490 3524 2679 3609 Spar-

585 3632 840 3696 tianum
879 3631 952 3693 in
999 3628 1320 3693 Caracallo
1366 3649 1420 3693 c.
1469 3631 1512 3695 ὅ
1559 3650 1766 3715 quum
1811 3635 2033 3694 contra
2090 3630 2341 3694 leonem
2385 3631 2679 3713 stetisset,

726 3854 776 3924 *)
802 3854 959 3909 Unus
984 3854 1186 3910 alterve
1204 3853 1568 3910 Romanorum
1588 3855 1806 3923 propter
1826 3854 2200 3909 fortitudinem
2222 3853 2386 3908 etiam
2405 3853 2678 3923 ,Achilles‘

585 3941 993 4011 cognominatus
1029 3944 1115 3997 est
1147 3943 1287 3996 teste
1322 3941 1537 3996 Valerio
1572 3941 1717 3995 Max.
1752 3940 1854 4007 ΠΙ,
1890 3946 1942 4010 2,
1979 3947 2065 3999 21.
2120 3941 2255 3995 Prae
2291 3941 2517 3996 caeteris
2551 3958 2679 3995 vero

585 4028 753 4083 unius
804 4028 1070 4083 virtutem
1117 4030 1297 4099 graeci
1342 4028 1609 4098 latinique
1656 4029 1947 4099 scriptores
1995 4028 2241 4082 certatim
2290 4029 2677 4098 praedicarunt,

584 4116 646 4171 L.
683 4114 853 4170 Siccii
899 4114 1014 4186 (vel
1063 4115 1317 4187 ,Sicinii‘)
1363 4115 1602 4184 Dentati,
1650 4132 1812 4185 quem
1857 4118 2066 4186 praeter
2109 4115 2335 4170 Festum
2368 4117 2435 4169 A.
2474 4114 2680 4169 Gellius

583 4201 657 4272 II,
697 4205 761 4261 11
798 4202 938 4256 dicit
971 4201 1040 4258 ob
1075 4202 1352 4272 ingentem
1385 4201 1762 4256 fortitudinem
1807 4202 2135 4272 appellatum
2177 4217 2298 4256 esse
2333 4200 2682 4256 Achillem

583 4288 971 4344 Romanum.
1026 4288 1097 4342 Et
1131 4289 1199 4343 de
1233 4289 1338 4344 hoc
1373 4288 1595 4358 quidem
1628 4289 1748 4344 viro
1782 4288 2121 4404 Niebuhrius
2156 4288 2216 4342 in
2249 4287 2398 4342 Hist.
2435 4286 2588 4343 Rom.
2623 4286 2680 4340 11

585 4382 779 4446 122390
816 4392 897 4446 sq.
940 4375 1260 4445 disputavit.
