3099 5241
1298 448 1801 505 PEDESTRIBUS.
2523 451 2593 505 CI

499 624 688 707 Pyth.
736 625 824 708 II,
873 627 996 691 127
1052 627 1434 691 invenerant
1490 627 1844 709 Cretenses,
1911 632 1974 691 et
2032 628 2128 691 uti
2187 627 2360 691 idem
2420 628 2592 711 apud

502 730 928 813 scholiastam,
984 718 1275 795 Thaletas
1338 730 1658 796 Cretensis
1716 731 2015 796 versibus
2070 735 2260 796 utens
2318 732 2588 796 creticis.

499 832 619 897 Illo
675 835 957 918 primum
1014 840 1295 918 tempore
1353 836 1567 901 cretici
1630 836 1695 900 in
1748 836 1959 918 justos
2016 854 2320 899 numeros
2364 837 2592 899 mutati

500 958 632 1002 non
680 939 820 1003 sine
865 939 1199 1003 saltatione
1245 940 1437 1003 etiam
1483 938 1896 1004 canebantur.
1968 939 2197 1022 Itaque
2229 940 2593 1023 antiquiora

499 1038 941 1127 ὑιιορχιξματα
1008 1043 1273 1107 fuerunt
1342 1064 1535 1126 quam
1601 1048 1878 1115 παιᾶνες
1955 1052 2019 1108 et
2093 1044 2336 1128 priores
2402 1044 2594 1107 etiam

504 1147 720 1211 cretici
764 1147 958 1230 pedes
1005 1167 1203 1231 quam
1247 1147 1385 1211 veri
1427 1166 1726 1231 paeoneS,
1785 1149 1900 1231 qui
1956 1148 2294 1212 immutata
2336 1148 2593 1210 numeri

501 1255 733 1314 natura
777 1270 861 1315 ex
905 1251 1033 1315 illis
1081 1250 1342 1315 demum
1387 1252 1561 1315 enati
1605 1256 1777 1315 sunt.
1857 1250 2090 1316 Confer
2118 1252 2309 1315 Hom.
2343 1251 2587 1334 Hymn.

503 1354 714 1438 Apoll.
761 1348 821 1417 y.
871 1356 1021 1421 518.
1114 1355 1241 1420 Sed
1284 1356 1533 1420 saltatio
1589 1357 1714 1420 ista
1758 1361 1822 1420 et
1864 1357 2005 1440 ipsa
2050 1357 2333 1423 carmina
2378 1358 2593 1439 cujus-

504 1459 680 1522 modi
736 1460 997 1542 fuerint,
1052 1459 1155 1524 vel
1213 1480 1297 1524 ex
1352 1480 1427 1526 eo
1488 1464 1682 1544 patet,
1754 1461 1926 1544 quod
1988 1460 2243 1543 ῥυθμοὶ
2301 1456 2594 1545 ὑπορχη-

506 1561 774 1641 ματικοί
814 1564 886 1626 in
930 1564 1216 1629 oratione
1261 1564 1639 1648 reprehendi
1683 1564 1974 1629 solebant
2029 1563 2318 1646 (Dionys.
2366 1563 2449 1627 H.
2496 1562 2594 1628 De

507 1667 732 1731 admir.
781 1669 849 1730 vi
882 1666 1087 1733 Dem.
1140 1689 1189 1732 c.
1238 1669 1348 1750 43)
1420 1674 1483 1733 et
1548 1668 1751 1732 multo
1819 1669 2056 1732 certius
2123 1688 2209 1733 ex
2263 1662 2594 1733 Athenaeo

507 1770 671 1834 XIV
699 1792 762 1855 p.
796 1773 1035 1855 630,e:
1085 1768 1124 1853 ἦ
1176 1769 1236 1835 δ”
1264 1768 1764 1858 ὑπορχηματική
1798 1778 1880 1858 ’τῇ
1925 1778 2174 1858 κωμικῇ
2222 1775 2590 1848 οἰκειοῦται,

508 1874 651 1955 ἥτις
699 1875 979 1937 καλεῖται
1025 1872 1282 1959 κόρδαξ.
1378 1877 1468 1942 Ut
1511 1879 1687 1942 enim
1729 1877 2033 1941 trochaici
2082 1878 2428 1942 tetrametri
2471 1878 2597 1961 pri-

509 2000 689 2044 mum
736 1982 1059 2046 nascentis
1103 1986 1166 2046 et
1208 1983 1421 2046 adhuc
1463 1982 1865 2046 ludibundae
1909 1982 2268 2065 tragoediae
2311 1980 2594 2064 (Aristot.

506 2082 603 2148 De
648 2086 727 2147 A.
763 2085 939 2149 Poet.
986 2085 1103 2167 IV,
1153 2087 1254 2167 17)
1301 2086 1380 2149 ab
1428 2087 1652 2151 eodem
1696 2088 1767 2149 in
1809 2085 1992 2151 Rhet.
2040 2085 2162 2168 III,
2209 2087 2248 2151 8
2294 2083 2597 2167 κορδακι-

508 2184 771 2269 κώιιροι
829 2190 975 2272 jure
1044 2190 1383 2255 dicuntur:
1467 2192 1558 2255 ita
1625 2192 1816 2255 etiam
1884 2190 2393 2274 hyporchemata
2446 2209 2596 2254 cum

508 2294 793 2357 cordacis
839 2292 1033 2358 simili
1077 2294 1412 2359 saltatione
1458 2300 1638 2360 erant
1681 2296 1823 2378 conj
1835 2301 2043 2359 uncta.
2131 2294 2301 2378 Ergo
2347 2299 2421 2358 ut
2466 2294 2595 2358 duo

509 2399 869 2462 carminum
935 2419 1189 2482 genera,
1258 2395 1697 2486 ὑπορχήματα
1767 2405 1830 2464 et
1883 2404 2160 2470 παιᾶνες
2226 2404 2355 2463 toto
2423 2399 2596 2463 coelo

510 2502 743 2567 distare
774 2504 1095 2584 videntur,
1140 2505 1231 2567 ita
1275 2507 1541 2569 creticos
1586 2523 1889 2568 numeros
1921 2522 1958 2568 a.
1986 2502 2342 2588 paeonibus
2375 2503 2596 2567 credas

508 2607 699 2691 longe
758 2608 1182 2673 secernendos
1240 2629 1398 2674 esse.
1492 2608 1672 2686 Quae
1731 2609 1946 2673 omnia
2004 2609 2257 2673 tametsi
2316 2608 2596 2672 multum

511 2712 745 2795 valent,
805 2718 1019 2778 tamen
1081 2719 1235 2778 sunt
1293 2717 1503 2796 etiam,
1565 2713 1805 2798 quibus
1860 2733 1994 2777 non
2039 2712 2399 2777 Aristotelis
2451 2733 2597 2777 sen-

509 2816 709 2881 tentia
754 2818 868 2882 sed
911 2818 1366 2901 Thrasymachi
1411 2819 1667 2884 defendi
1711 2819 1928 2902 possit.
2045 2816 2261 2893 Quum
2310 2819 2482 2881 enim
2524 2819 2596 2880 in

509 2920 762 2986 Rhetor.
798 2921 923 3006 III,
955 2926 993 2989 8
1038 2924 1195 2988 haec
1236 2925 1560 3009 legantur:
1610 2920 1725 2986 οὐκ
1772 2919 1940 3008 εἶχον
1987 2919 2056 2985 δὲ
2100 2922 2331 3007 λέγειν,
2375 2920 2470 2995 τίς
2512 2914 2596 3003 ἦν

511 3027 618 3105 (sc.
680 3022 714 3088 ὃ
770 3022 1025 3113 παιάν),
1093 3027 1642 3111 Thrasymachum
1708 3027 1779 3091 in
1854 3028 2137 3091 oratione
2204 3028 2411 3112 liquet
2464 3046 2597 3090 non

511 3135 762 3195 tantum
818 3132 1159 3215 paeonicos
1216 3133 1413 3217 pedes
1472 3133 1585 3198 sed
1642 3134 1835 3197 etiam
1878 3151 2028 3196 vere
2083 3132 2347 3196 creticos
2402 3150 2598 3215 agno-
2716 3208 2721 3215 Ι

510 3235 699 3299 visse.
790 3235 883 3299 Hi
937 3242 1153 3301 autem
1211 3237 1515 3320 temporis
1573 3237 1851 3301 decursu
1907 3238 2146 3301 sensim
2189 3237 2343 3321 plus
2388 3236 2598 3319 digni-

511 3340 659 3403 tatis
726 3341 1055 3405 consecuti
1139 3347 1310 3405 sunt.
1421 3341 1592 3405 Nam
1670 3342 1742 3404 in
1821 3342 2143 3425 tragoedia
2211 3359 2470 3426 quoque
2536 3346 2600 3405 et

514 3444 686 3527 apud
750 3445 968 3528 ipsum
1025 3446 1425 3526 Aeschylum
1482 3447 1766 3510 carmina
1832 3465 1866 3510 e
1934 3446 2182 3510 creticis
2250 3446 2599 3530 composita

512 3566 645 3611 non
714 3549 912 3613 semel
975 3549 1298 3633 leguntur.
1411 3550 1491 3614 In
1562 3551 1801 3635 quibus
1867 3570 1980 3635 pro
2051 3551 2280 3615 cretico
2345 3551 2598 3633 vulgari

517 3680 589 3715 ,ν-
633 3701 702 3720 s..
749 3680 821 3716 „e-
865 3656 1056 3719 etiam
1113 3656 1466 3721 solutiones
1524 3656 1953 3739 reperiuntur,
2012 3675 2340 3739 nusquam
2385 3660 2599 3719 tamen

515 3777 789 3841 paeones
846 3787 918 3823 ,ν-
962 3806 1033 3826 v
1073 3805 1143 3826 ψ
1186 3806 1256 3827 ψ
1313 3761 1417 3825 vel
1470 3808 1541 3828 ψ
1571 3808 1640 3827 ψ
1670 3808 1739 3829 ψ
1767 3789 1839 3824 ,ο-
1886 3761 2000 3825 sed
2064 3765 2318 3824 tantum
2383 3759 2601 3845 cretici

515 3864 707 3928 soluti
752 3893 818 3928 Δ.
865 3913 934 3932 ψ
975 3895 1043 3932 a.
1089 3912 1159 3933 v
1215 3867 1320 3931 vel
1380 3893 1446 3932 ψ
1493 3916 1563 3935 ψ
1603 3914 1672 3932 ψ
1715 3894 1806 3929 4,.
1920 3864 2200 3929 Omnino
2256 3868 2472 3937 autem
2528 3863 2600 3925 in

516 3971 799 4036 oratione
844 3974 1098 4038 numeri
1143 3977 1206 4037 et
1248 3972 1445 4057 pedes
1489 3972 1737 4037 metrici
1781 3989 1914 4035 non
1960 3975 2034 4033 ut
2077 3967 2450 4033 Aristoteles
2494 3967 2599 4029 hic

514 4076 645 4159 agit
711 4079 990 4160 quadam
1055 4078 1338 4143 aurificis
1405 4081 1638 4142 statera
1714 4076 1828 4140 sed
1903 4076 2000 4139 uti
2065 4072 2598 4153 Thrasymachus,

515 4181 809 4265 populari
852 4185 1097 4249 trutina
1148 4182 1548 4268 ponderandi
1604 4185 1772 4246 sunt.
1875 4180 2105 4263 Neque
2165 4178 2339 4242 enim
2397 4180 2602 4239 orator

388 4316 403 4331 ·
517 4287 572 4349 si
628 4288 893 4353 creticos
923 4290 1147 4372 pedes
1212 4287 1485 4355 libenter
1544 4286 1837 4369 adscivit,
1903 4285 2048 4349 ideo
2107 4282 2438 4367 putandus
2506 4286 2603 4344 est

519 4392 782 4460 saltasse
864 4394 1217 4462 cordacem.
1335 4390 1520 4470 Quod
1606 4395 1822 4455 autem
1903 4389 1983 4453 ad
2063 4407 2258 4453 usum
2338 4385 2602 4471 paeonis
