3099 5241
516 284 753 366 xxx'vr
820 384 829 389 ᾖ
1290 292 1836 364 PROLEGOMENA

515 478 917 568 ἀνθρώπους
986 479 1102 546 οὐκ
1166 477 1459 565 ἠδύνατο
1517 470 1727 565 θηρία
1783 480 2008 565 φιλεῖν,
2082 485 2148 547 et
2212 481 2317 547 vel
2388 483 2591 566 magis

514 588 933 657 Plutarchum
993 588 1262 667 eundem
1318 587 1385 651 in
1444 584 1727 651 Antonio
1788 605 1840 650 c.
1903 586 2018 652 69:
2080 581 2289 672 φυγὰς
2331 580 2592 670 ἀνθρώ-

513 715 661 758 πων
706 729 786 739 -
833 682 953 757 τὸν
1009 688 1315 775 Τίμωνος
1360 686 1635 776 ἀγαπᾶν
1690 688 1798 752 καὶ
1845 689 2084 771 ζηλοῦν
2124 686 2273 775 βίον
2320 689 2595 789 ἔφασκεν

516 793 600 870 ὡς
661 792 741 878 δή
806 789 1170 867 πεπονθὼς
1228 793 1454 880 ὅμοια·
1518 792 1625 858 καὶ
1668 788 1792 880 γὰρ
1840 789 2038 866 αὐτὸς
2083 789 2421 877 ἀδικηθεὶς
2461 789 2594 857 ὑπὸ

514 899 718 986 φίλων
794 898 900 964 καὶ
970 895 1427 987 ἀχαριστηθείς
1507 893 1613 961 διὰ
1680 903 1878 962 τοῦτο
1946 900 2153 962 πᾶσιν
2219 893 2597 981 ἀνθρώποις

521 1001 823 1069 ἀπιστεῖν
898 1002 1008 1068 καὶ
1079 999 1538 1088 δυσχεραίνειν.
1658 1002 1768 1066 sed
1835 1002 1903 1066 in
1970 1020 2043 1066 eo
2111 1002 2247 1085 ipso
2316 1001 2596 1067 rhetores

518 1126 765 1192 quoque
809 1108 998 1191 plane
1046 1106 1473 1185 consentiunt,
1517 1109 1593 1171 ut
1613 1108 1793 1189 patet
1824 1125 1859 1171 e
1880 1105 2231 1171 Menandro
2254 1106 2321 1170 in
2342 1106 2597 1173 Rhetor.

524 1212 634 1280 Gr.
682 1213 775 1278 IX
819 1233 876 1295 p.
924 1212 1053 1278 260
1099 1211 1192 1276 ed.
1237 1211 1357 1275 W:
1426 1204 1564 1282 οἷος
1619 1205 1744 1297 γὰρ
1786 1202 1872 1292 ἦν
1900 1205 2063 1293 ’ἄρα’
2092 1209 2597 1296 μεγαλοφρονῶν

518 1315 626 1380 ἐπὶ
682 1315 891 1400 φίλοις
947 1308 1091 1402 ἐγώ.
1166 1308 1309 1379 οἷον
1365 1310 1435 1378 δὲ
1494 1323 1699 1400 τεῖχος
1757 1308 2026 1378 ἐδόκουν
2081 1311 2599 1398 περιβεβλῆσθαι

517 1415 638 1485 τὸν
683 1417 890 1505 φίλον.
937 1423 1060 1484 νῦν
1107 1415 1177 1481 δὲ
1218 1412 1650 1505 γεγύμνωμαι
1693 1416 1800 1480 καὶ
1842 1412 2250 1504 περιῄρημαι
2292 1414 2597 1500 καθάπερ

518 1525 700 1597 Αἴας
741 1528 862 1607 τῆς
909 1520 1211 1596 ἀσπίδος·
1260 1516 1500 1604 οἰκήσω
1544 1515 1800 1593 τόπους
1843 1517 2132 1605 ἐρήμους
2173 1519 2281 1584 καὶ
2328 1521 2600 1605 ἐρημίας

518 1624 1003 1714 μισάνθρωπος
1062 1623 1435 1709 ἐπικληθεὶς
1481 1623 1698 1709 ὥσπερ
1757 1620 2029 1708 Τίμωνα
2075 1645 2301 1710 φασιν·
2371 1623 2435 1688 τί
2474 1620 2597 1712 γάρ

520 1753 644 1816 μοι
669 1729 1108 1798 συντίθεσθαι
1129 1727 1370 1815 φιλίαν,
1391 1731 1496 1792 ἴνα
1518 1724 1720 1795 πάλιν
1739 1725 2274 1819 παραβαίνοντος
2297 1726 2556 1794 ἀνιαθῶ
2574 1755 2599 1807 ,·

521 1834 853 1922 μακαρίζω
919 1841 1047 1911 τῶν
1115 1831 1373 1920 θηρίων
1441 1836 1674 1909 ἐκεῖνα,
1751 1832 1876 1898 ὅσα
1941 1829 2060 1897 τὸν
2127 1827 2406 1923 μονήρη·
2449 1831 2601 1919 βίον

521 1938 730 2005 ἔοικεν
752 1938 1042 2027 ἀγαπᾶν.
1094 1939 1308 2022 itaque
1333 1938 1512 2004 salva
1557 1956 1659 2003 res
1691 1940 1822 2003 est:
1868 1938 2153 2023 vulgaris
2176 1938 2348 2003 enim
2369 1937 2603 2005 Timon

522 2044 715 2110 nimis
782 2045 1013 2110 acriter
1079 2044 1478 2127 vituperatus
1564 2045 1662 2107 est
1728 2042 1926 2108 etiam
1990 2042 2069 2107 ab
2141 2041 2438 2109 Cicerone
2503 2044 2601 2111 De

524 2149 839 2215 Amicitia
876 2168 932 2214 c.
979 2148 1064 2213 23
1079 2146 1164 2232 ²¹⁸),
1212 2148 1324 2212 sed
1366 2145 1726 2212 Lucianeus
1774 2147 2003 2212 Timon
2047 2147 2368 2213 amicitiae
2410 2146 2602 2213 fidem

526 2253 726 2319 coluit
771 2252 1191 2319 sanctissime.
1283 2254 1370 2330 at,
1416 2254 1683 2335 quaerat
1725 2250 2062 2335 quispiam,
2126 2252 2340 2335 ecquis
2385 2254 2603 2340 auctor

528 2360 644 2434 est,
715 2360 866 2422 ante
911 2356 1267 2422 Lucianum
1310 2355 1596 2421 rhetores
1644 2358 1709 2420 et
1755 2372 1862 2420 eos
1908 2355 2195 2421 Timonis
2238 2356 2603 2423 laudatores

533 2462 611 2553 de
657 2460 778 2526 hoc
822 2461 956 2525 viro
1001 2461 1210 2525 multa
1255 2459 1584 2543 scripsisse
1600 2463 1633 2524 ‘t’
1724 2461 1984 2524 auctore
2027 2460 2126 2525 uti
2167 2460 2322 2525 licet
2355 2463 2605 2543 praeter

525 2560 951 2631 Menandrum
994 2564 1313 2630 rhetorem
1359 2557 1558 2630 etiam
1600 2562 1869 2629 Libanio
1917 2552 2180 2647 eJusque
2222 2563 2344 2631 hac
2390 2565 2604 2631 decla·

527 2670 810 2736 mationa
871 2667 973 2746 (T.
1026 2668 1118 2733 IV
1178 2688 1236 2751 p.
1301 2669 1425 2743 181
1489 2688 1625 2752 sqq.
1688 2663 1785 2734 ed.
1831 2668 2111 2754 Reisk.):
2169 2667 2401 2756 Τίμων
2443 2672 2605 2754 ἐρῶν

522 2766 938 2857 Ἀλκιβιάδου
982 2766 1222 2836 ἑαυτὸν
1264 2771 1746 2859 προσαγγέλλει.
1836 2772 2022 2857 eujus
2081 2774 2338 2856 quidem
2394 2774 2606 2840 libelli

528 2877 739 2961 ipsum
797 2877 1051 2943 initium
1107 2875 1334 2942 hocce:
1403 2871 1661 2941 Πάλιν
1706 2871 1869 2961 ὑμῖν
1927 2875 2158 2960 Τίμων
2202 2880 2291 2950 εἰς
2331 2876 2606 2962 βουλευ-

529 2976 757 3066 τήριον
773 2979 880 3066 **)
947 3018 1031 3028 -
1100 2981 1323 3046 docere
1389 2983 1603 3063 potest
1667 2980 1952 3045 rhetores
2021 2982 2097 3046 de
2161 2982 2282 3047 hoc
2340 2983 2605 3048 Timone

530 3087 739 3152 multa
784 3103 1237 3170 saepenumero
1284 3085 1697 3166 declamasse.
1787 3085 2012 3167 quodsi
2057 3084 2302 3152 duobus
2332 3087 2605 3153 saeculis

531 3193 676 3275 post
741 3189 809 3255 in
875 3192 1060 3255 tanta
1106 3206 1479 3273 graecorum
1546 3189 1874 3256 rhetorum
1944 3190 2045 3255 vel
2110 3191 2450 3278 paucitate
2499 3192 2605 3258 vel

531 3295 806 3360 infantia
842 3293 1338 3359 declamationes
1385 3293 1461 3357 de
1485 3292 1752 3358 Timone
1798 3293 2080 3359 nondum
2125 3294 2602 3362 deferbuerant:

535 3401 704 3464 certe
749 3396 1016 3464 Luciani
1060 3400 1271 3465 aetate
1298 3397 1685 3463 florentibus
1749 3398 2078 3466 rhetorum
2121 3399 2349 3464 studiis
2385 3400 2606 3486 ⁴plures

536 3503 730 3568 etiam
776 3501 1005 3566 Timon
1050 3501 1397 3595 invenerat,
1443 3502 1548 3567 vel
1595 3503 1703 3585 qui
1750 3522 1897 3569 eum
1941 3502 2471 3586 reprehenderent
2501 3504 2605 3569 vel

744 3746 800 3815 *)
838 3747 996 3814 ,Quin
1033 3746 1208 3814 etiam,
1256 3748 1449 3818 inquit,
1497 3747 1548 3803 si
1583 3748 1703 3818 quis
1740 3764 1805 3803 ea
1836 3748 2121 3818 asperitate
2157 3750 2242 3802 est
2274 3750 2332 3803 et
2361 3747 2606 3803 immani-

533 3837 646 3889 tate
678 3837 914 3900 naturae,
968 3850 1282 3904 congressus
1337 3837 1401 3888 ut
1433 3834 1710 3889 hominum
1759 3833 1934 3905 fugiat
1967 3837 2126 3905 atque
2161 3834 2347 3900 oderit,
2400 3836 2606 3905 qualem

535 3921 703 3975 fuisse
736 3921 967 3978 Athenis
1004 3921 1277 3976 Timonem
1310 3922 1489 3977 nescio
1524 3939 1681 3993 quem
1715 3922 2041 3993 accepimus:
2076 3924 2254 3976 tamen
2288 3923 2336 3976 is
2370 3922 2485 3993 pati
2499 3939 2607 3977 non

534 4008 722 4079 possit,
756 4011 821 4062 ut
852 4025 960 4063 non
993 4009 1241 4079 anquirat
1274 4009 1517 4079 aliquem,
1554 4009 1695 4080 apud
1730 4026 1886 4080 quem
1919 4008 2281 4063 evomatvirus
2300 4008 2606 4064 acerbitatis

536 4096 698 4149 suae.⁴
766 4094 1040 4150 adluditur
1071 4094 1140 4150 ad
1172 4095 1545 4166 Apemantum.

551 4175 555 4177 ’
744 4180 823 4250 **)
857 4183 946 4238 Ita
979 4183 1250 4239 Juvenalis
1286 4183 1543 4240 adludens
1581 4184 1649 4240 ad
1684 4183 1794 4239 Sat.
1829 4184 1877 4249 Ι,
1912 4186 1980 4241 27
2015 4182 2209 4253 incipit
2241 4182 2337 4248 IV,
2377 4185 2435 4239 1:
2471 4197 2607 4247 ,ecce

535 4269 732 4324 iterum
767 4269 1045 4340 Crispinus
1081 4272 1181 4326 —‘.
1255 4271 1504 4328 similiter
1537 4271 1795 4327 Horatius
1827 4270 1889 4324 in
1919 4270 2094 4341 Epist.
2130 4269 2177 4335 I,
2213 4272 2260 4335 1,
2295 4273 2345 4326 3.
