3099 5241
564 394 607 464 7
617 391 663 464 2
1393 415 1820 470 ΛοΥΚΙΑΝον

555 614 776 669 κασεν,
829 588 914 664 ὥς
956 587 1180 668 λάθοι,
1229 588 1337 653 καὶ
1383 586 1488 653 διὰ
1525 593 1725 653 τοῦτο
1751 587 1984 672 ὅμοιος
2008 584 2262 672 ἀπέβης
2280 591 2369 674 τῷ
2389 584 2629 675 τράγῳ.

555 695 783 762 ΕΡΜ.
851 690 933 778 νὴ
964 691 1115 770 Δία,
1164 691 1519 777 μέμνημαι
1564 688 1852 774 ποιήσας
1893 687 2196 757 τοιοῦτόν
2224 715 2309 758 τι.
2360 688 2480 778 ἐγω
2512 684 2640 757 οὖν

418 811 518 909 271
557 796 593 864 ὅ
640 799 747 864 ἐπὶ
791 801 831 840 ⁴*
876 794 1085 863 κάλλει
1126 797 1298 884 μέγα
1342 803 1625 882 φρονῶν,
1677 821 1770 861 ετι
1814 793 2106 883 ἀγένειος
2150 792 2347 870 αὐτὸς
2392 793 2482 860 ὢν
2520 791 2638 867 σὸς

554 899 776 987 πατήρ
835 898 1230 985 κεκλήσομαι
1287 898 1395 965 καὶ
1453 900 1696 988 γέλωτα
1742 896 2002 983 ὀφλήσω
2048 898 2229 984 παρὰ
2276 903 2482 964 πᾶσιν
2525 898 2637 963 ἐπὶ

554 1011 637 1092 τῇ
684 1003 1030 1090 εὐπαιδίᾳ,-
1098 1005 1158 1070 3.
1216 1002 1465 1070 ΠΑΝ.
1537 1003 1644 1068 καὶ
1686 999 1825 1089 μήν
1873 999 1947 1067 οὗ
1996 998 2391 1090 καταισχύνω
2440 1026 2533 1080 σε,
2585 995 2636 1066 ὦ

555 1107 787 1191 πάτερ·
835 1103 1150 1192 μουσικός
1191 1132 1263 1172 τε
1304 1103 1430 1195 γάρ
1477 1110 1613 1192 εἰμι
1656 1106 1762 1172 καὶ
1812 1104 2038 1191 συρίζω
2084 1103 2267 1172 πάνυ
2305 1102 2630 1191 καπυρον·

554 1212 661 1278 καὶ
720 1210 755 1277 ὁ
802 1207 1126 1285 Διόνυσος
1183 1209 1372 1276 οὐδὲν
1432 1215 1601 1296 ἐμοῦ
1657 1208 1816 1275 ἄνευ
1868 1221 2085 1276 ποιεῖν
2130 1205 2427 1286 δύναται,
2499 1207 2631 1273 ἀλλ’

557 1322 812 1400 ἑταῖρον
869 1315 976 1380 καὶ
1020 1310 1356 1398 θιασώτην
1401 1312 1762 1398 πεποίηται’
1801 1338 1912 1397 με,
1971 1312 2078 1378 καὶ
2120 1310 2415 1401 ἠγοῦμαι
2462 1310 2635 1399 αὐτῷ

553 1423 670 1484 τοῦ
731 1424 949 1506 χοροῦ.
1021 1418 1127 1483 καὶ
1182 1415 1262 1484 τά
1309 1417 1591 1502 ποίμνια
1639 1416 1709 1483 δὲ
1755 1420 1816 1482 εἰ
1856 1413 2140 1483 θεάσαιό
2185 1439 2345 1501 μου,
2412 1412 2632 1482 ὁπόσα

554 1521 703 1606 περὶ
743 1520 992 1608 Τεγέαν
1036 1520 1144 1585 καὶ
1191 1517 1318 1587 ἀνά
1363 1519 1439 1587 τὸ
1474 1520 1870 1604 Παρθένιον
1914 1518 2055 1608 έχω,
2105 1518 2287 1587 πάνυ
2328 1517 2627 1610 ἡσθήσῃ·

555 1623 721 1711 ἄρχω
769 1622 838 1689 δὲ
881 1625 988 1689 καὶ
1031 1630 1148 1707 τῆς
1172 1621 1522 1710 Ἀρκαδίας
1568 1621 1853 1707 ἁπάσης.
1904 1621 2135 1711 πρῴην
2180 1623 2250 1690 δὲ
2286 1623 2635 1709 καὶἈθη-

415 1740 520 1795 272
553 1728 764 1801 ναίοις
811 1725 1249 1816 συμμαχήσας
1294 1728 1497 1802 οὕτως
1541 1726 1894 1811 ήρίστευσα
1942 1729 1980 1770 *
2017 1731 2420 1813 Μαραθῶνι,
2472 1728 2634 1793 ὥστε

554 1831 661 1897 καὶ
708 1831 1034 1916 ἀριστεῖον
1077 1829 1292 1918 ᾑρέθη
1322 1856 1466 1915 μοι,
1515 1829 1591 1897 τὸ
1621 1829 1757 1897 ὑπὸ
1788 1837 1870 1919 τῇ
1903 1830 2251 1917 ἀκροπόλει
2280 1829 2623 1916 σπήλαιον.

554 1936 637 2018 ἦν
696 1941 862 2025 γοῦν
922 1939 985 2009 ἐς
1021 1932 1325 2019 Ἀθήνας
1380 1935 1603 2023 ἔλθῃς,
1672 1938 1814 2023 εἴσῃ
1860 1936 2023 2002 ὅσον
2064 1940 2194 2032 ἐκεῖ
2233 1942 2354 2002 τοῦ
2398 1932 2632 2008 Πανὸς

555 2112 611 2165 et
644 2127 733 2165 seo
766 2127 821 2164 m
854 2111 913 2164 M
949 2113 1004 2163 et
1036 2128 1085 2164 v.
1244 2107 1613 2180 τραγοσκέλης
1644 2111 1758 2165 ΒΑ.
1923 2107 2093 2163 ὁπότε
2131 2107 2334 2168 ἓΙΩΜῈ
2377 2113 2433 2164 et
2466 2128 2513 2175 V,
2561 2107 2631 2165 ὥς

556 2193 650 2250 ὅτε
685 2196 781 2251 AC
817 2199 873 2250 et
908 2194 1023 2264 (ubi
1060 2215 1089 2248 ο
1126 2196 1186 2250 in
1219 2195 1326 2264 lit.)
1362 2183 1426 2259 B',
1481 2195 1555 2254 ὡς
1598 2194 1725 2250 τότε
1768 2201 1829 2249 Ψ.
1990 2217 2092 2265 μοι
2140 2195 2329 2269 συνῄει
2361 2195 2624 2257 ΒΑΟΨΔ,

556 2279 745 2356 συνῄει
777 2301 878 2352 μοι
912 2284 1081 2348 ΩΜῈ,
1117 2302 1217 2350 μοι
1254 2285 1436 2348 συνείη
1478 2283 1527 2349 (1,
1564 2303 1665 2349 μοι
1703 2283 1869 2351 συνῆν
1905 2281 1956 2340 21
1991 2282 2231 2352 (diserte)
2268 2286 2323 2338 et
2356 2301 2403 2337 v.
2476 2282 2541 2335 de
2574 2282 2627 2335 h.

553 2371 588 2424 1.
625 2369 857 2424 Cobetus
892 2369 1071 2423 adnot.
1109 2369 1178 2423 ad
1212 2386 1286 2425 or.
1322 2387 1375 2439 p.
1416 2372 1517 2426 123
1551 2369 1686 2425 bene
1716 2357 1938 2441 judicat.
2081 2367 2275 2439 λάθοι]
2311 2367 2461 2443 λάθῃ
2501 2366 2623 2426 ἓῑΨ.

694 2451 955 2508 διατοῦτο
989 2456 1148 2511 BAF.
1288 2455 1551 2510 τοιοῦτόν
1585 2478 1641 2509 τι
1656 2458 1872 2519 ΒΑΟΨ,
1910 2455 2137 2511 τοιοῦτό
2173 2477 2231 2511 τι
2249 2460 2314 2518 Δ,
2353 2476 2408 2510 τι
2441 2455 2628 2509 τοιοῦ-

552 2561 652 2595 τον
684 2543 838 2597 ΩΜῈ
873 2544 929 2597 et
962 2561 1009 2608 V,
1043 2562 1100 2596 τι
1133 2539 1356 2596 τοιόνδε
1393 2540 1460 2600 21.
1608 2533 1725 2611 οὖν]
1761 2542 1895 2612 γοῦν
1920 2546 1985 2598 Ω.
2128 2541 2230 2614 ἔτι]
2269 2541 2360 2597 εἶτ’
2400 2541 2467 2606 21,
2511 2541 2630 2595 εἶτα

545 2633 714 2686 ΩΜἙ.
860 2627 1023 2686 αὐτὸς
1058 2627 1158 2697 ὢν]
1197 2627 1273 2683 ὢν
1309 2629 1473 2687 αὐτὸς
1498 2635 1563 2692 Ψ,
1607 2628 1683 2684 ὢν
1718 2629 1824 2699 (om
1860 2629 2042 2700 αὐτὸς)
2067 2633 2129 2687 F.
2269 2630 2426 2700 παρὰ
2460 2632 2632 2684 πᾶσιν

554 2734 640 2771 om
675 2715 740 2782 21,
773 2722 907 2784 περὶ
940 2716 1113 2769 πᾶσιν
1145 2717 1347 2773 habent
1379 2719 1500 2772 bod.

692 2806 742 2859 3.
815 2800 1150 2870 καταισχύνω
1202 2803 1251 2862 21
1298 2803 1382 2873 (ut
1414 2803 1662 2872 videtur),
1721 2821 1842 2868 eum
1887 2805 2087 2859 Cobeto
2129 2805 2193 2859 V.
2229 2805 2290 2858 L.
2336 2822 2390 2874 p.
2427 2805 2531 2861 228
2576 2808 2632 2859 et

549 2888 841 2955 DindorflO,
878 2891 1218 2958 καταισχυνῶ
1257 2891 1451 2946 caeteri
1485 2891 1614 2944 libri
1649 2893 1767 2946 etv.
1821 2908 1919 2960 ego
1943 2908 2151 2962 quoque
2186 2890 2494 2946 adolescens
2529 2910 2627 2944 κα-

551 2973 818 3043 ταισχύνω
874 2977 1159 3032 malueram
1202 2978 1333 3032 locis
1380 2978 1608 3046 geminis
1657 2979 1991 3043 coacervatis,
2045 2979 2103 3031 in
2148 2979 2342 3047 quibus
2385 2979 2627 3033 omnibus

549 3064 808 3118 Praesens
843 3063 1058 3132 legitur.
1132 3063 1226 3118 sed
1259 3064 1316 3117 in
1352 3063 1432 3119 ed.
1467 3066 1655 3132 postea
1688 3063 1953 3118 Futurum
1987 3065 2180 3134 reliqui
2214 3065 2456 3135 idemque
2490 3066 2629 3120 Bek-

547 3151 645 3204 ker
687 3150 920 3219 reliquit.
993 3149 1205 3205 frustra.
1348 3147 1571 3219 λιγυρὸν
1606 3147 1798 3206 ΑΟὲῐΕ
1845 3153 1900 3204 et:
1947 3150 2178 3220 ‚quidam
2215 3151 2357 3205 libri‘
2391 3150 2628 3206 Bourde-

706 3231 761 3287 λι
794 3257 822 3286 υ
865 3235 931 3288 ὸν

551 3304 666 3368 loti,
700 3254 953 3372 καζτάὶρὸν
988 3305 1117 3366 ΨΜ,
1157 3303 1410 3373 καπυρόν
1425 3305 1519 3358 ΑΒ
1559 3304 1637 3372 (in
1669 3307 1821 3359 textu
1856 3308 1911 3360 et
1945 3304 2170 3373 scholio)
2196 3308 2247 3359 Ω
2282 3310 2338 3361 et
2371 3326 2418 3362 v.
2473 3306 2628 3362 scho-

550 3391 685 3444 lium
716 3390 852 3445 illud
887 3390 968 3459 (T.
1003 3390 1085 3444 IV
1118 3407 1171 3459 p.
1210 3391 1276 3446 61
1315 3390 1394 3444 ed.
1430 3388 1582 3457 Jao.)‚
1631 3392 1721 3444 eui
1754 3391 1900 3446 aliud
1935 3393 2109 3448 simile
2140 3392 2514 3449 Bourdelotius
2549 3393 2628 3447 vi-

552 3476 717 3541 derat,
749 3476 907 3530 initio
943 3477 1022 3530 sio
1038 3476 1320 3544 legendum
1345 3480 1456 3532 est:
1491 3477 1557 3529 τὸ
1593 3478 1763 3546 τραχὺ
1799 3485 1893 3530 καὶ
1932 3476 2197 3549 ἄγροικον
2228 3479 2327 3532 τοῦ
2366 3481 2628 3548 συρίγμα-

549 3581 646 3619 roc
679 3560 929 3631 καπυρόν
959 3559 1222 3631 εὐφήμως
1257 3560 1513 3617 ἐκάλεσεν
1530 3592 1617 3626 --‚
1656 3564 1716 3617 in
1746 3563 1852 3620 fine
1885 3565 2088 3636 aliquid
2104 3565 2280 3624 deest:
2318 3561 2424 3633 ἡδὺ
2464 3562 2525 3619 δὲ
2560 3565 2625 3620 τὸ

553 3647 804 3719 καπυρὸν
850 3645 922 3705 ὡς
959 3644 1027 3715 δὴ
1068 3687 1080 3700 .
1126 3687 1139 3701 .
1182 3646 1292 3702 ἀπὸ
1329 3647 1426 3716 τῆς
1458 3648 1768 3718 πεμμάτων
1815 3647 2045 3721 ἐδωδῆς.
2117 3652 2340 3707 eandem
2373 3669 2485 3708 rem
2519 3653 2627 3707 ola-

550 3736 662 3789 rius
699 3735 835 3790 dixit
869 3734 1156 3790 scholiasta
1188 3735 1256 3790 ad
1291 3736 1559 3790 Theocrit.
1595 3737 1720 3803 VII,
1757 3740 1824 3794 37
1861 3736 2138 3807 καπυρόντ
2173 3735 2280 3807 ἡδὺ
2316 3757 2628 3809 μεταφορι-

552 3823 675 3878 κῶς.
749 3820 818 3874 τὰ
855 3820 961 3890 γὰρ
1001 3819 1210 3884 ἴξοπτα
1254 3821 1367 3875 τῶν
1403 3818 1725 3890 ἐδεσμάτων
1770 3823 1966 3891 ἧδὺνει
1999 3824 2103 3893 τὴν
2134 3823 2336 3894 γεῦσιν.
2412 3828 2470 3880 et
2502 3841 2628 3881 sano

551 3906 813 3977 καπυρός,
849 3908 944 3962 ubi
979 3911 1064 3964 est
1098 3910 1306 3974 ,suavis‘
1323 3910 1450 3979 poni
1466 3909 1678 3965 videtur
1692 3911 2000 3980 metaphora
2027 3911 2094 3964 ab
2114 3912 2402 3967 esculentis
2426 3914 2626 3975 sumta3

554 3998 696 4049 certe
729 3994 1065 4065 Antiphanes
1114 4011 1159 4051 o.
1196 4013 1278 4066 ap.
1316 3996 1512 4051 Athen.
1548 3997 1641 4051 ΠΙ
1674 4015 1727 4068 p.
1764 4001 1850 4063 96,
1884 3996 1921 4051 b
1967 3998 2046 4051 ita
2088 3997 2353 4067 loquitur:
2400 4000 2628 4067 χοιρίων

555 4076 713 4145 σκέλη
752 4078 993 4148 καπυρὰ.
1067 4081 1253 4152 itaque
1287 4082 1342 4137 h.
1381 4083 1416 4137 l.
1464 4079 1706 4151 λιγυρόν,
1765 4083 1905 4154 quod
1951 4083 2132 4153 potius
2180 4087 2265 4140 est
2311 4085 2626 4165 stridulum,

553 4168 833 4233 sonorum‘,
884 4184 952 4221 ne
986 4170 1168 4237 aptum
1202 4168 1415 4239 quidem
1449 4171 1532 4224 est
1567 4169 1844 4238 glossema.
1914 4169 2079 4225 habet
2111 4173 2289 4225 autem
2319 4187 2418 4227 vox
2455 4189 2624 4223 καπυ-

554 4252 653 4323 ρόε
684 4254 742 4307 in
775 4253 877 4308 hoo
894 4253 1119 4309 Luoiani
1145 4255 1288 4310 dioto
1319 4257 1375 4309 et
1406 4256 1466 4309 in
1502 4256 1815 4310 Theocriteo
1848 4255 1942 4310 illo
1976 4256 2103 4321 VII,
2140 4258 2206 4314 37
2243 4258 2348 4313 vim
2390 4259 2626 4328 potesta-

550 4344 764 4411 temque
799 4356 1149 4397 communem:
1183 4344 1246 4396 ub
1278 4341 1337 4395 in
1369 4342 1650 4412 utriusque
1682 4342 1788 4397 loci
1821 4342 2043 4399 sohoh’is
2075 4360 2230 4400 nemo
2258 4343 2440 4400 mimi
2455 4343 2629 4413 possit
