3099 5241
1101 449 1476 499 NEKPIKOI
1523 449 1908 501 ΔιΑΛοΓοῙ.
2461 442 2548 510 55

460 617 607 684 τότε
656 611 908 684 ἶόοισιί).ν
990 621 1194 687 NIP.
1271 618 1510 685 οὔκουν
1557 617 1676 707 ἐγώ
1722 623 2018 685 ἐνταῦθα
2068 612 2554 702 εὐμορφότερός

465 727 621 806 εἰμι,
676 719 722 788 ὦ
750 725 1105 803 Μένιππες
1173 725 1419 789 ΜΕΝ.
1475 723 1625 789 οὔτε
1662 721 1742 789 οὐ
1779 724 1930 789 οὔτε
1967 721 2154 796 ἄλλος
2183 719 2548 805 εὔμορφος·

464 827 754 913 ἰσοτιμία
822 826 946 915 γὰρ
1016 833 1085 892 ἐν
1155 827 1342 913 ᾅδου,
1416 830 1520 893 καὶ
1592 830 1813 914 &pectet
1884 829 2192 900 ἅπαντες.
2297 810 2546 892 ΘΕΡΣ.

465 933 614 1018 ἐμοὶ
659 937 789 1017 μὲν
835 934 942 998 καὶ
987 939 1185 999 τοῦτο
1236 930 1483 998 ἱκανὸν.

823 1140 836 1151 ⁸
1383 1108 1637 1172 XXVI.

708 1296 712 1301 ,
795 1228 1357 1295 ΜΕΝΙΠΠΟΥ
1413 1230 1612 1294 KAI
1675 1225 2226 1294 ΧΕΙΡΩΝΟΣ.

646 1355 700 1418 1.
793 1352 1042 1417 MEN.
1124 1349 1448 1422 ”Ηκουσα,“
1514 1345 1560 1413 ὦ
1608 1348 1892 1431 Χείρων,
1946 1347 2028 1422 ὡς
2073 1346 2233 1422 θεὸς
2280 1345 2365 1412 ὧν
2414 1353 2555 1413 ἐπι-

639 1453 652 1474 1
911 1454 926 1475 ³
1212 1469 1228 1477 ,
1437 1456 1464 1478 7
1736 1451 1752 1472 ²
1915 1461 1937 1472 u
2084 1461 2105 1471 .-
2258 1451 2281 1470 vv

466 1463 842 1539 θυμησειας
891 1463 1288 1520 αποθανειν.
1387 1454 1652 1520 ᾸΕΙΡ.
1717 1458 1937 1538 αληθη
1987 1479 2193 1518 ταυτα
2240 1477 2550 1537 ηκουσας,

467 1630 672 1700 rejecit,
724 1633 788 1683 ut
833 1646 941 1684 una
985 1629 1077 1683 vel
1123 1628 1286 1683 altera
1332 1644 1443 1682 vox
1487 1627 1617 1681 hinc
1664 1627 1898 1695 perierit.
1981 1627 2233 1696 equidem
2279 1643 2387 1680 non
2434 1629 2557 1696 post

472 1719 609 1786 ἔχεις
664 1718 758 1771 sed
812 1718 935 1787 post
989 1717 1091 1787 ἐγὼ
1147 1713 1207 1769 δὲ
1258 1714 1372 1785 (ubi
1411 1714 1459 1772 21
1499 1712 1562 1768 δέ
1611 1713 1838 1784 omittit)
1884 1712 2056 1782 sigma
2106 1715 2266 1782 posui
2318 1713 2553 1768 lacunae.
2600 1756 2605 1761 .

465 1804 687 1873 suppleo
724 1806 903 1858 autem
940 1804 1058 1858 sive
1094 1803 1240 1872 μόνα
1280 1803 1469 1856 σκοπῶ
1509 1800 1628 1855 sive
1665 1800 1795 1869 quid
1834 1800 2013 1855 simile
2061 1802 2164 1857 hoc
2212 1802 2398 1856 modo:
2451 1803 2553 1871 ἐγὼ

468 1890 527 1945 δὲ
568 1891 736 1961 [μόνα
764 1891 977 1962 σκοπῶ]
1020 1890 1056 1944 ἂ
1091 1889 1275 1963 βλέπω
1308 1897 1399 1941 καὶ
1439 1887 1475 1941 ἃ
1511 1889 1608 1940 νῦν
1647 1888 1799 1956 ἔχεις.
1859 1888 1985 1943 vide
2009 1889 2260 1957 inprimis
2285 1888 2555 1944 Prolncth.

463 1979 522 2032 II
557 1981 586 2048 ξ
627 1985 692 2038 14
736 1981 825 2034 fin.
1024 1977 1226 2033 οὔκουν
1280 1975 1573 2044 ῊΑΕῨΒΟ,
1630 1975 1834 2029 οὐκοῦν
1885 1993 1938 2029 v.
2137 1975 2558 2044 εὖμορφότερος

449 2065 728 2137 ΒἋΦΑΕ,
778 2064 1211 2135 εὖμορφώτερος
1247 2083 1299 2119 V.
1495 2063 1599 2134 ἐγὼ
1649 2062 1896 2116 ἐνταῦθα
1948 2062 2367 2132 εὐμορφότερός
2416 2060 2553 2133 εἶμι]

467 2152 570 2223 ἐγώ
622 2155 723 2221 μὲν
774 2153 1022 2207 ἐνταῦθα
1074 2150 1495 2222 εὖμορφότερος
1531 2151 1643 2223 (om
1682 2146 1820 2220 εἶμι)
1859 2149 1923 2207 21.
2109 2142 2154 2203 ὦ
2189 2151 2474 2220 Μένιππε]
2513 2144 2558 2204 ὦ

464 2244 722 2294 Μένιππε
778 2239 978 2294 rohten
1030 2239 1096 2298 21.
1168 2242 1223 2293 et
1273 2239 1472 2293 τούτου
1527 2239 1691 2292 etiam
1743 2237 1799 2289 in
1858 2237 1974 2291 cod.
2030 2237 2278 2292 Parisino
2329 2237 2556 2292 Belinus

464 2327 725 2396 reperisse
760 2328 994 2382 Videtur.
1173 2325 1297 2381 οὔτε
1340 2326 1500 2384 ἄλλος
1538 2319 1681 2397 εῧμ]
1723 2323 1830 2377 οὔτ’
1874 2323 2035 2382 ἄλλος
2071 2347 2125 2378 τι
2165 2324 2284 2394 εῧμ.
2328 2325 2391 2384 Ἡ.

467 2412 526 2466 ἐν
552 2413 713 2486 ᾅδου]
754 2415 811 2468 ἐν
834 2416 912 2468 ru]
950 2413 1053 2481 ἅὸη
1083 2415 1192 2469 AF.
1371 2413 1583 2483 ὅμοιοι]
1624 2412 1793 2482 ὅμοια
1821 2415 1885 2472 Α.
2065 2407 2319 2485 ἅπαντες]
2357 2412 2560 2470 πάντες

465 2499 530 2557 21.
708 2502 832 2570 ἐμοὶ
870 2501 995 2575 μὲν]
1037 2501 1163 2571 ἐμοὶ
1199 2503 1301 2570 μὲν
1338 2494 1437 2555 οἶιν
1471 2501 1521 2554 D
1561 2500 1723 2555 solus.
1909 2521 1955 2552 κ.
1986 2521 2034 2553 τ.
2067 2497 2165 2569 ι’κ.]
2202 2502 2382 2554 confer
2416 2500 2555 2554 Adv.

462 2587 668 2644 Indoct.
707 2595 774 2649 28
825 2593 880 2646 et
913 2589 1109 2660 Navig.
1146 2595 1232 2651 46.
1349 2635 1368 2652 ,
1431 2590 1491 2644 in
1543 2590 1649 2644 fine
1704 2587 1900 2657 dialogi
1953 2587 2102 2642 addit
2154 2589 2230 2642 A:
2286 2594 2556 2660 Νεκρικοὶ

465 2674 735 2748 Διάλογοι
771 2683 919 2732 Δέκα
960 2677 1107 2741 ἓξ-.

1400 2781 1612 2836 XXVI.

604 2888 893 2943 Adnotatio
928 2889 1111 2943 nostra
1146 2887 1212 2941 ad
1247 2888 1582 2942 mortuorum
1618 2884 1855 2954 dialogos
1891 2886 2112 2954 triginta
2135 2884 2291 2952 plane
2315 2884 2558 2940 absoluta

466 2975 594 3042 erat,
643 2991 812 3043 quum
858 2992 975 3029 sero
1022 2974 1331 3046 accepimus
1379 2973 1638 3027 lectiones
1690 2972 1920 3027 duorum
1955 2973 2299 3040 Venetorum,
2349 2972 2555 3026 codicis

465 3065 513 3113 Ω
550 3061 659 3132 (no.
684 3066 814 3130 434)
849 3064 904 3115 et
938 3062 1033 3131 qui
1069 3061 1257 3115 melior
1292 3063 1377 3115 est
1419 3067 1474 3114 Ψ
1502 3059 1613 3130 (no.
1650 3062 1793 3130 436).
1866 3078 1999 3130 quae
2035 3060 2210 3113 unice>
2231 3060 2297 3112 ad
2332 3058 2554 3113 ultimos

466 3148 660 3203 horum
726 3150 1057 3219 dialogorum
1120 3150 1417 3219 pertinent:
1488 3148 1679 3202 insunt
1749 3148 1894 3202 enim
1956 3146 2153 3216 dialogi
2221 3149 2557 3201 mortuorum

462 3234 740 3289 XXIII-
760 3236 946 3290 XXX.
1020 3236 1248 3292 contulit
1295 3237 1344 3290 J.
1382 3235 1868 3291 Sommerbrodtius
1913 3251 2172 3304 suamque
2220 3234 2556 3289 collationem

467 3323 700 3377 inseruit
733 3323 922 3379 Museo
957 3324 1214 3378 Rhenano
1250 3321 1345 3379 Nr.
1365 3323 1562 3378 XXIV
1578 3341 1628 3392 Ρ.
1653 3328 1944 3382 601-606.
2001 3338 2221 3377 neeesse
2258 3323 2342 3377 cst
2375 3324 2556 3378 autem

466 3409 714 3464 codicum
752 3411 1036 3481 scripturis
1066 3411 1379 3481 judicandis
1414 3410 1598 3465 literas
1630 3427 1813 3465 omnes
1838 3427 2125 3478 earumque
2149 3410 2330 3479 apices
2353 3410 2554 3464 rimari.

468 3512 574 3565 quo
609 3499 781 3567 magis
816 3500 1042 3555 lectores
1077 3516 1225 3555 meos
1259 3517 1403 3569 roge,
1452 3499 1515 3552 ut
1548 3498 1674 3552 illos
1709 3497 1886 3552 Musei
1933 3497 2080 3552 locos
2129 3497 2237 3565 ipsi
2287 3498 2555 3552 evolvant.

466 3584 544 3637 ita
580 3585 797 3640 demum
834 3588 1126 3656 scripturas
1165 3603 1348 3642 omnes
1386 3586 1629 3641 omnium
1665 3585 1929 3654 codicum,
1981 3586 2076 3653 qui
2125 3586 2300 3640 adhuc
2336 3584 2557 3640 excussi

469 3672 611 3740 sunt,
665 3673 724 3725 in
779 3677 1069 3743 conspectu
1129 3675 1331 3743 positas
1390 3674 1643 3742 poterunt
1692 3672 1893 3726 videre.
1980 3672 2214 3741 pertinet
2279 3673 2424 3743 enim
2489 3672 2556 3725 ad

466 3757 748 3811 historiam
797 3762 981 3814 textus
1029 3762 1207 3830 graeci
1254 3761 1460 3828 cavere,
1522 3777 1590 3814 ne
1639 3761 1770 3829 quid
1814 3761 1874 3813 in
1921 3761 2024 3814 hoc
2073 3776 2265 3828 genere
2317 3776 2556 3827 unquam

466 3846 664 3900 temere
699 3847 1011 3916 negligatur.
1067 3865 1235 3902 novae
1270 3850 1449 3902 tamen
1483 3846 1760 3916 lectioneS‚
1798 3864 1931 3917 quae
1961 3847 2186 3916 ¹‘quidem
2219 3846 2556 3915 recipiendae

469 3931 596 3999 sint,
634 3934 1016 4001 propemodum
1050 3935 1228 3989 nullae
1264 3934 1636 4004 inveniuntur.
1709 3936 1790 3989 sic
1828 3951 2041 4004 quoque
2076 3933 2333 3989 nonnulla
2366 3933 2556 3986 insunt

465 4020 762 4073 memoratu
795 4020 939 4074 haud
974 4021 1210 4091 indigna,
1248 4022 1314 4076 de
1350 4021 1549 4090 quibus
1585 4038 1729 4075 nunc
1764 4038 1935 4090 pauca
1969 4021 2218 4075 dicturus
2256 4037 2394 4075 sum.
2450 4037 2555 4089 quo

368 4113 378 4122 ‘
467 4108 605 4161 facto
659 4107 717 4161 in
771 4107 1001 4177 dialogis
1056 4125 1229 4178 nuper
1280 4110 1369 4163 edi
1424 4110 1631 4178 coeptis
1687 4109 1766 4166 sic
1819 4125 2133 4178 pergemus,
2195 4109 2258 4161 ut
2311 4106 2555 4176 dialogus

466 4194 738 4248 XXVItus
791 4195 964 4264 primo
1028 4196 1145 4251 loco
1201 4195 1503 4250 collocetur.
1596 4212 1765 4265 quum
1818 4197 1964 4250 enim
2017 4196 2084 4249 ad
2141 4195 2303 4248 finem
2356 4193 2554 4263 dialogi

467 4282 650 4336 XXV.
723 4285 1041 4352 perventum
1077 4285 1222 4338 esset
1256 4285 1414 4352 atque
1460 4283 1579 4351 ipse
1624 4300 1806 4337 rerum
1852 4284 1976 4338 ordo
2024 4282 2269 4351 proxima
2315 4297 2555 4350 quaeque

470 4370 772 4424 continuari
818 4370 1057 4439 juberet:
1111 4371 1212 4424 hos
1260 4371 1607 4439 potissimum
1659 4371 1805 4425 locos
1853 4370 2027 4425 sumsi
2081 4386 2195 4438 ege,
2249 4385 2356 4422 non
2402 4367 2555 4436 elegi.

467 4457 699 4511 attamen
734 4457 886 4512 brevi
923 4458 1097 4527 spatio
1144 4459 1226 4513 tot
1266 4459 1482 4528 tamque
1531 4458 1761 4527 turpiter
1804 4458 2042 4527 corrupti
2088 4456 2194 4512 loci
2232 4456 2555 4510 documento
