3099 5241
499 412 659 470 XCII
1306 413 1402 469 DE
1452 411 1783 469 NUMERIS

498 610 718 655 rorum
773 589 1060 672 turbam,
1098 591 1242 659 ,sed
1300 589 1735 655 adolescentes
1793 590 1874 653 ad
1933 609 2168 653 novam
2209 588 2586 652 doctrina-m
2607 604 2628 629 ·-

499 702 644 780 apte
709 700 1128 780 praeparatos.
1240 695 1328 759 Hi
1410 696 1585 759 enim
1665 713 1793 778 quo
1861 693 2093 757 melius
2153 694 2284 776 jam
2352 693 2585 774 lyricos

498 800 829 882 rhythmos
884 805 1022 863 tum
1079 820 1160 863 ex
1207 800 1365 883 ipsis
1408 799 1630 879 lyricis
1676 804 1815 871 tum
1861 818 1896 863 e
1940 799 2185 863 melicis
2228 798 2585 881 tragoediae

499 906 788 989 cognitos
831 903 1172 986 habebant,
1234 905 1354 967 1100
1411 902 1665 967 facilius
1711 922 1820 966 eos
1864 906 2156 987 poterant
2200 902 2365 966 duce
2409 920 2587 986 prae-

500 1009 715 1073 sertim
791 1008 902 1071 tali
978 1009 1276 1090 magistro
1348 1006 1427 1071 ad
1495 1007 1847 1072 orationem
1912 1007 2261 1071 traducere.
2366 1005 2452 1070 Et
2515 1007 2584 1069 in

498 1114 677 1177 omni
719 1113 838 1175 hac
882 1131 950 1175 re
994 1130 1149 1175 mox
1192 1110 1433 1195 patebit
1463 1111 1784 1194 sapienter
1814 1113 2021 1196 egisse
2042 1110 2586 1192 Thrasymachum

497 1235 713 1300 neque
780 1216 1138 1300 quidquam
1204 1216 1409 1299 magis
1477 1216 1755 1297 cavisse,
1826 1236 2022 1300 quam
2086 1235 2170 1280 ne
2237 1216 2586 1279 orationem

498 1339 649 1387 cum
691 1321 874 1403 poesi
918 1321 1187 1404 turpiter
1216 1319 1652 1384 confunderet.
1745 1319 1868 1384 Sed
1903 1325 2251 1403 antequam
2280 1337 2586 1384 numeros

497 1427 672 1509 ipsos
716 1429 1078 1506 tractemuS,
1133 1444 1342 1508 pauca
1403 1424 1718 1508 quaedam
1766 1424 2139 1508 attingenda
2185 1429 2358 1506 sunt,
2421 1442 2586 1507 quae

502 1549 703 1614 quum
789 1528 870 1592 ad
954 1528 1110 1593 alias
1189 1528 1535 1593 rhetoricae
1609 1534 1819 1612 partes
1894 1530 2143 1614 proprie
2216 1528 2586 1609 referantur,

496 1640 711 1699 tamen
778 1635 970 1698 etiam
1038 1652 1187 1697 cum
1243 1634 1530 1697 numeris
1586 1633 1848 1696 vinculo
1908 1634 2189 1716 quodam
2238 1633 2587 1725 9ohaerent

497 1738 756 1803 laxiore.
878 1736 1194 1822 Incipiam
1281 1742 1495 1801 autem
1583 1757 1621 1800 a
1696 1736 1895 1801 Suida
1980 1758 2028 1801 8.
2114 1733 2584 1822 Θρασύμαχοςε

498 1838 954 1928 Καλχηδόνιος
1017 1838 1331 1923 σοφιστῆς
1374 1848 1491 1923 τῆς
1538 1844 1605 1904 ἐν
1651 1839 1945 1924 Βιθυνίᾳ
2000 1836 2450 1927 Καλχηδόνος,
2514 1838 2585 1912 ὃς

497 1951 754 2028 πρῶτος
798 1944 1111 2028 περίοδον
1157 1945 1260 2007 καὶ
1308 1945 1508 2007 κῶλον
1557 1944 1745 2029 [adde
1776 1946 1914 2010 hic:
1963 1947 2065 2007 καὶ
2097 1942 2355 2029 κόμμα]
2402 1946 2586 2009 κατέ-

500 2048 660 2124 δειξε
704 2051 808 2113 καὶ
853 2047 972 2113 τὸν
1018 2055 1139 2113 νῦν
1184 2055 1303 2130 τῆς
1348 2051 1696 2133 ῥητορικῆς
1739 2044 1990 2131 τρόπον
2038 2047 2430 2135 εἰσηγήσατο
2476 2087 2583 2112 ——--.

501 2153 687 2232 Quod
737 2156 980 2238 justam
1042 2158 1574 2238 constantemque
1632 2153 1980 2218 rhetoricae
2024 2154 2295 2218 formam
2337 2155 2585 2238 primus

497 2261 854 2325 instituisse
930 2259 1184 2341 dicitur,
1258 2258 1327 2321 id
1402 2257 1483 2322 ad
1558 2277 1862 2322 numeros
1930 2257 2035 2341 (de
2106 2258 2345 2342 quibus
2413 2258 2584 2343 apud

499 2364 748 2428 Suidan
806 2364 1067 2442 tacetur)
1126 2364 1441 2447 pertinere
1498 2364 1748 2447 nequit,
1816 2362 1928 2427 sed
1990 2368 2052 2428 et
2112 2363 2192 2427 ad
2252 2365 2367 2427 has
2410 2364 2584 2447 ipsas

499 2469 818 2533 enuntiati
876 2468 1417 2532 ,conformationes
1484 2471 1545 2530 et
1607 2467 1689 2529 ad
1752 2468 2008 2532 dicendi
2067 2488 2276 2552 genus
2334 2468 2587 2532 videtur

496 2573 931 2639 revocandum
979 2592 1134 2639 esse.
1223 2571 1392 2636 Nam
1434 2571 1540 2635 hic
1584 2571 1796 2636 rhetor
1835 2592 1963 2657 quo
2002 2574 2207 2658 magis
2239 2575 2587 2638 orationem

499 2679 880 2761 emendaret,
939 2679 1415 2743 enuntiationes
1458 2679 1530 2740 in
1577 2676 1857 2741 ambitus
1895 2679 2126 2760 justOS,
2184 2680 2256 2741 in
2301 2676 2587 2742 membra

498 2789 561 2848 et
624 2784 830 2848 incisa
893 2784 1141 2867 primus
1208 2782 1444 2845 divisit.
1536 2780 1703 2846 Tum
1761 2781 1937 2845 haud
2002 2781 2196 2847 dubie
2259 2783 2583 2864 docuerat,

501 2887 1042 2973 quemadmodum
1114 2886 1320 2951 tribus
1393 2887 1570 2950 hisce
1642 2886 1937 2971 partibus
2011 2887 2331 2952 utendum
2404 2892 2585 2951 esset.

503 2991 629 3068 Qui
685 2999 759 3056 ut
819 2993 897 3056 de
956 2990 1260 3057 membris
1318 2992 1675 3075 incisisque
1734 2991 2089 3055 doctrinam
2133 3012 2336 3076 paene
2381 2990 2586 3055 absol-

497 3098 678 3179 verit,
745 3106 810 3160 at
873 3098 1245 3181 primarium
1310 3096 1528 3159 locum
1594 3095 1671 3159 de
1727 3096 2009 3178 periodis
2066 3097 2225 3181 ipsis
2283 3096 2585 3182 perficere

478 3206 705 3265 ⁴totum
770 3222 903 3265 non
969 3202 1193 3285 potuit.
1299 3200 1504 3264 Immo
1567 3199 1672 3263 hic
1731 3200 1998 3265 Isocrati
2059 3202 2319 3266 demum
2374 3200 2588 3285 palma

501 3306 647 3370 data
704 3311 800 3370 est
857 3308 927 3369 in
987 3324 1219 3387 genere
1279 3304 1503 3369 saltem
1565 3305 1923 3389 epidicticO,
1991 3305 2108 3370 ubi
2169 3306 2458 3371 Ciceroni
2514 3307 2586 3368 in

501 3409 759 3474 Oratore
802 3429 856 3474 0.
891 3410 972 3475 61
1005 3409 1212 3493 placet
1256 3410 1472 3472 omnia
1517 3409 1645 3473 dici
1674 3409 1990 3474 Isocrateo
2014 3411 2586 3495 Theopompeoque

497 3534 696 3597 more,
752 3515 873 3578 hoc
918 3520 1015 3579 est
1058 3514 1169 3578 illo
1216 3514 1483 3598 ambitu,
1548 3520 1623 3579 ut
1668 3520 1979 3598 tanquam
2023 3516 2094 3578 in
2135 3516 2290 3587 ‚orbe
2333 3517 2587 3579 inclusa

499 3625 710 3684 currat
753 3619 971 3684 oratio.
1065 3619 1314 3683 Similia
1357 3619 1549 3684 habet
1592 3617 1951 3700 Dionysius
1989 3618 2087 3684 De
2114 3619 2393 3685 Isocrate
2436 3639 2489 3683 c.
2522 3623 2586 3702 2,
2685 3627 2696 3638 '

502 3725 616 3807 qui
682 3725 803 3788 alio
870 3725 1010 3789 loco
1070 3722 1193 3808 (De
1247 3725 1468 3788 admir.
1518 3725 1585 3787 vi
1639 3723 1968 3788 Demosth.
2017 3743 2071 3787 c.
2119 3725 2161 3787 4
2219 3724 2355 3805 fin.)
2415 3724 2585 3789 orbis

497 3828 797 3893 Isocratei
850 3849 982 3893 non
1045 3830 1254 3893 solum
1309 3831 1580 3894 virtutes
1641 3830 1752 3894 sed
1814 3831 2005 3894 etiam
2061 3830 2219 3893 vitia
2264 3829 2427 3894 bene
2472 3848 2584 3894 ex-

499 3936 808 4018 sequitur.
911 3933 1156 3999 Verum
1233 3935 1557 3999 enimvero
1639 3935 1797 3999 haec
1870 3936 2167 3999 nomina:
2251 3932 2579 4017 περίοδος,

499 4043 727 4112 κῶλον,
801 4034 1034 4120 κόμμα
1103 4058 1454 4122 eorumque
1512 4037 2015 4123 significationes
2073 4039 2585 4121 Thrasymachus

501 4164 536 4208 e
602 4144 803 4226 lyrica
861 4146 1041 4229 poesi
1098 4150 1431 4210 mutuatus
1491 4148 1605 4208 est.
1695 4144 1775 4207 In
1834 4164 1962 4228 qua
2022 4144 2181 4229 quid
2239 4146 2322 4208 sit
2381 4147 2585 4206 κοῖλοι·

503 4249 741 4334 quidve
801 4249 1031 4332 κόμμα
1096 4251 1265 4314 sicut
1323 4269 1512 4314 nemo
1579 4251 1848 4333 ignorat,
1912 4250 2004 4313 ita
2062 4246 2369 4332 περίοδος
2428 4249 2587 4333 quid

501 4352 625 4420 sibi
669 4354 840 4439 velit,
884 4355 1007 4420 viri
1052 4353 1221 4419 docti
1266 4352 1642 4438 (Christium
1683 4355 1754 4419 in
1799 4353 1839 4417 1.
1875 4353 2106 4428 Metrik
2143 4374 2203 4439 p.
2242 4354 2367 4422 103
2410 4352 2585 4418 haud
