3099 5241
1207 402 1694 498 ΚΑΤΑΠΛοῶΣ.
2369 445 2489 512 141

399 618 508 684 καὶ
554 615 839 705 μάλιστα
883 617 1318 703 μεμνημένος
1364 615 1447 691 ὡς
1492 613 1693 704 ὠχρὸς
1725 615 1829 683 ἀεὶ
1862 616 1968 681 καὶ
2007 613 2341 706 αὐχμηρὸς
2375 611 2489 700 ἦν,

399 721 753 808 φροντίδος
831 721 908 788 τὸ
977 723 1010 760 *
1082 723 1397 806 μέτωπον
1474 718 1814 799 ἀνάπλεως
1887 720 1995 787 καὶ
2060 718 2295 807 μόνοις
2357 734 2494 796 τοῖς
2529 734 2634 788 640

404 824 743 900 δακτύλοις
785 831 1111 905 πλουτῶν,
1163 823 1261 899 οἷς
1302 822 1592 891 τάλαντα
1639 827 1744 891 καὶ
1787 823 2117 912 μυριάδας
2152 825 2488 913 ἐλογίζετο,

401 928 570 997 κατὰ
637 928 877 1015 μικρὸν
944 933 1258 1020 συλλέγων
1323 927 1405 995 τὰ
1481 928 1631 1013 μετ’
1706 930 1923 1018 ὀλίγον
1993 927 2495 1019 ἐκχυθησόμενα

403 1034 574 1120 πρὸς
636 1034 780 1100 «ποῦ’
809 1035 1142 1121 μακαρίου
1188 1032 1645 1123 Ῥοδοχάρους.
1740 1032 1896 1100 ἀλλά
1944 1035 2009 1101 τί
2052 1033 2169 1101 οὐκ
2215 1032 2496 1123 ἀπερχό-

403 1147 595 1225 μεθα
640 1138 813 1225 ἧδης
878 1140 985 1204 καὶ
1043 1138 1289 1225 μεταξὺ
1329 1138 1456 1229 γάρ
1502 1126 1811 1214 πλέοντες
1851 1137 1929 1205 vo}
1979 1137 2176 1229 λοιποὶ
2220 1135 2496 1228 γελασό-

403 1253 596 1331 μεθα
653 1243 1056 1328 οἰμώζοντας
1113 1241 1351 1318 αὐτοὺς
1396 1242 1692 1329 ὁρῶντες.
1788 1244 2100 1313 ΚΛΩΘ.
2196 1245 2489 1331 ἔμβαινε,

408 1357 518 1416 ἵνα
549 1351 659 1415 καὶ
699 1346 1103 1435 ἀνιμήσηται
1140 1346 1175 1412 ὃ
1202 1345 1557 1433 πορθμεύς
1577 1347 1654 1414 τὸ
1679 1347 2008 1438 ἀγκύριον.
2095 1352 2197 1418 18.
2259 1349 2489 1416 ΧΑΡ.

408 1448 624 1532 οὗτος,
674 1467 794 1519 ποῖ
829 1453 1032 1540 φέρῃς
1078 1457 1318 1538 πλῆρες
1350 1451 1482 1538 ἤδη
1521 1451 1600 1519 «ιὸ
1627 1453 1907 1538 σκάφος·
1958 1452 2160 1520 αὐτοῦ
2186 1454 2498 1539 περίμενε

406 1563 499 1635 είς
543 1556 808 1644 αὔριον·
873 1558 1084 1623 ἕωθέν
1139 1582 1211 1623 σε
1272 1554 1937 1643 διαπορθμεύσομεν.
2035 1558 2254 1623 MJK.
2351 1555 2498 1623 ἀδι-

406 1676 560 1744 κεῖς,
611 1659 659 1729 ὦ
699 1659 973 1748 Χάρων,
1024 1667 1218 1727 ἕωλον
1262 1659 1394 1746 ἤδη
1431 1658 1660 1747 νεκρὸν
1701 1660 2222 1745 ἀπολιμπάνων·
2274 1660 2497 1747 ἀμέλει

405 1767 757 1857 γράψομαί
800 1792 871 1834 σε
916 1764 1330 1852 παρανόμων
1374 1767 1481 1831 ἐπὶ
1525 1773 1642 1832 τοῦ
1678 1765 2219 1852 “Ραδα,ιιοἰνθυος.
2314 1767 2497 1852 οἴμοι

406 1881 536 1938 τῶν
581 1877 827 1937 κακῶν·
876 1870 1007 1957 ἤδη
1054 1871 1385 1949 πλέουσιν,
1436 1869 1557 1959 ἐγώ
1604 1872 1674 1939 δὲ
1715 1870 1929 1958 μόνος
1972 1876 2268 1949 ἐνταῦθα
2313 1895 2497 1957 περι-

407 1977 813 2073 λελείψομαι.
907 1976 1116 2042 nocivae
1173 1975 1238 2042 τί
1296 1974 1370 2042 ού
1432 1975 1831 2067 διανήχομαι
1884 1974 2026 2042 κατ’
2080 1971 2357 2054 αὐτούςς
2418 1973 2494 2040 οὐ

405 2081 531 2170 γάρ
600 2080 782 2147 δέδια
846 2078 944 2166 μή
1015 2078 1477 2169 ἀπαγορεύσας
1561 2081 1906 2171 ἀποπνιγῶ
1971 2079 2102 2167 ἤδη
2171 2076 2491 2154 τεθνεώς·

299 2172 316 2191 ⁸
366 2171 370 2176 ’
412 2185 613 2261 ἄλλως
670 2212 740 2251 τε
803 2185 956 2252 οὐδὲ
1014 2183 1134 2251 τὸν
1194 2184 1428 2271 ὀβολὸν
1487 2185 1606 2276 ἔχω
1665 2183 1745 2251 τά
1793 2193 2138 2271 πορθμεῖα
2201 2188 2235 2224 ’¹‘
2294 2209 2494 2250 κατα·
2532 2194 2632 2249 641

406 2292 652 2376 βαλεῖν.
748 2289 1064 2357 ΚΛΩΘ.
1158 2291 1520 2371 τί“τοῦτο;
1589 2290 1995 2375 περίμεινον,
2069 2285 2115 2353 ὦ
2172 2290 2492 2355 Μίκυλλε·

412 2464 663 2534 inprimis
698 2463 1010 2519 Jacobsium
1045 2465 1112 2518 ad
1148 2464 1347 2518 Achill.
1385 2464 1495 2519 Tat.
1534 2483 1586 2534 p.
1625 2469 1725 2524 811
1763 2465 1819 2518 et
1853 2481 1904 2532 p.
1941 2468 2045 2522 863
2081 2464 2137 2517 et
2169 2461 2498 2517 Jacobitium

416 2552 482 2606 ad
517 2552 571 2605 h.
607 2546 731 2620 1.'p.
770 2557 838 2609 39
873 2551 955 2605 ed.
992 2550 1123 2605 min.
1160 2551 1291 2606 alias
1340 2554 1517 2607 tamen
1565 2552 1728 2607 attice
1778 2551 2052 2622 optativus
2088 2550 2309 2620 ponitur
2343 2551 2407 2603 ut
2439 2550 2499 2604 in

410 2638 475 2692 D.
511 2639 670 2693 Deor.
706 2638 889 2709 XVII,
944 2646 1000 2698 l:
1059 2638 1159 2692 οὐκ
1210 2639 1351 2707 εἶχεν
1406 2639 1557 2698 ὅπως
1609 2637 1999 2711 ἐγκαλύψαιτο,
2048 2655 2148 2692 neo
2195 2638 2497 2693 Luciantml

411 2726 528 2779 veri
565 2724 745 2779 simile
779 2727 866 2779 est
897 2727 1044 2780 tanta
1080 2725 1139 2779 in
1162 2743 1218 2780 re
1242 2726 1510 2786 fluctuari.
1572 2728 1755 2796 itaque
1777 2727 1832 2780 h.
1851 2727 1887 2781 l.
1914 2726 2259 2781 scribendum
2281 2726 2499 2780 videtur

412 2811 833 2879 καταπαύσαιμι
884 2813 1021 2867 duce
1076 2813 1274 2868 Cobeto
1327 2814 1387 2868 in
1422 2815 1488 2868 V.
1536 2815 1598 2869 L.
1647 2831 1698 2883 p.
1747 2818 1865 2873 105.
2079 2812 2496 2882 ἐκχυθησόμενα

410 2898 917 2972 ΣΙΦΑΟΩῈΒΜΒΤ,
957 2899 1376 2967 ἐκλυθησόμενα
1408 2901 1528 2955 edd.
1555 2902 1684 2955 vett.
1844 2900 2148 2972 μακαρίου]
2186 2905 2497 2968 μακαρίτου

413 2986 527 3045 ἓΠ).
708 2985 807 3040 ούκ
857 2986 1243 3056 ἀπερχόμεθα]
1293 2987 1356 3041 οὐ
1406 2988 1799 3057 κατερχόμεθα
1844 2988 1910 3041 D.
2083 2989 2189 3059 γὰρ
2237 3004 2325 3042 om
2370 2987 2494 3042 ΒΦ.

513 3089 526 3100 ·
586 3067 947 3143 οἰμώζοντας]
1016 3072 1395 3143 οίμώξσοντας
1457 3077 1522 3130 A.
1743 3075 1835 3128 ἰ’να
1901 3082 1995 3128 καὶ
2062 3075 2401 3144 ἀνιμήσηται
2466 3076 2495 3130 ὁ

418 3162 712 3231 πορθμεὺς
750 3166 801 3215 Φ
834 3164 892 3217 et
926 3162 1021 3232 qui
1068 3179 1155 3217 om
1191 3170 1284 3215 καὶ
1318 3162 1368 3216 D
1404 3164 1460 3216 et
1493 3180 1547 3230 V,
1594 3161 1688 3215 ἵνα
1737 3171 1829 3215 καὶ
1877 3163 1906 3216 ὁ
1954 3164 2250 3233 πορθμεὺς
2298 3163 2497 3234 ἀνιμή-

417 3271 579 3319 σηται
615 3248 681 3319 21,
729 3249 823 3302 ἵνα
863 3248 1203 3319 ἀνιμήσηται
1248 3258 1340 3302 καὶ
1386 3248 1415 3301 ὁ
1455 3250 1750 3319 πορθμεὺς
1785 3250 1944 3304 ΑΩῈ.
2015 3267 2111 3320 pro
2161 3250 2501 3319 ἀνιμήσηται

413 3338 644 3406 glossam
682 3336 972 3411 ἀνασπάσῃ
1011 3337 1172 3391 habet
1205 3337 1377 3392 codex
1409 3336 1594 3405 regius
1630 3336 1941 3392 Bourdeloti
1978 3338 2243 3408 (fortassis
2277 3334 2378 3411 M).

2097 3447 2152 3480 οι

555 3499 637 3553 18.
708 3499 883 3549 ΧΑΡ.
923 3511 1205 3564 personam
1240 3510 1329 3548 om
1366 3499 1434 3548 Φ.
1617 3495 1739 3565 ποῖ]
1787 3496 1865 3571 πῇ
1909 3494 2018 3563 affl,
2065 3497 2145 3571 πῇ
2196 3501 2266 3549 Φ.
2447 3495 2500 3555 ἐς

418 3579 617 3651 αι’ἷριον
653 3581 702 3640 21
737 3584 793 3636 et
827 3601 880 3651 v,
930 3583 1026 3639 sed
1076 3578 1153 3640 εἷς
1188 3580 1387 3650 αἰῖριον
1430 3580 1589 3638 &AR
1675 3582 2177 3651 interpunctionem·
2209 3587 2496 3653 περίμενε·

418 3667 468 3726 ἐς
505 3666 718 3752 αἰξριον.
738 3668 921 3723 ἕωθεν
956 3669 1165 3740 (ἔωθεν
1188 3669 1262 3740 Α)
1300 3669 1534 3724 correxit
1568 3685 1696 3723 cum
1731 3669 1950 3730 Struvio
1986 3667 2067 3737 (L.
2091 3669 2152 3727 L.
2179 3668 2307 3740 223)
2341 3670 2497 3725 Jaco-

415 3756 601 3810 bitius.
801 3755 1272 3827 περιλελείψομαι
1311 3754 1457 3815 ΉΩῈ
1491 3758 1547 3810 et
1581 3774 1635 3825 v,
1681 3754 2173 3826 παραλελείψομαι
2207 3759 2274 3825 A,
2320 3778 2495 3826 παρε-

416 3841 745 3915 λελείψομαι
790 3842 920 3913 (Sic)
972 3848 1041 3896 Φ.
1233 3848 1419 3898 καίτοι
1470 3844 1548 3913 τί]
1601 3848 1660 3897 τί
1704 3860 1793 3899 om
1838 3846 1902 3897 A.
2094 3843 2496 3914 ἀπαγορεύσας]

419 3929 688 3998 ἀτονήσας
711 3930 882 3986 codex
898 3930 1179 3987 Parisinus
1200 3930 1283 4002 (M
1301 3932 1353 4002 1³)
1377 3932 1433 3986 et
1457 3931 1537 3986 sic
1563 3929 1730 3987 schol.
1744 3928 1904 3987 Voss,
1923 3931 1983 3985 in
2006 3931 2357 4000 expositione.

418 4019 515 4087 ἔχω
543 4016 788 4088 QQFQQ)
822 4019 878 4072 et
914 4017 1009 4088 qui
1046 4018 1167 4086 ἔχω.
1231 4021 1297 4087 A,
1334 4019 1430 4074 sed
1455 4017 1591 4086 ἔχων
1612 4035 1662 4070 v.
1827 4022 2123 4088 πορθμεῖα
2143 4019 2193 4072 A
2227 4019 2284 4073 et
2303 4018 2501 4075 lemma

417 4104 626 4174 scholii,
670 4109 936 4174 πορθμία
974 4105 1087 4175 ΦΓ,
1135 4110 1400 4177 πορθμια
1438 4105 1488 4165 ἓῑ
1534 4106 1591 4159 et
1625 4122 1672 4162 c.
1710 4121 1813 4160 ras.
1848 4105 1908 4159 in
1945 4110 1970 4159 ῖ
1999 4110 2070 4159 Ω.
2159 4105 2391 4162 Cobotus
2439 4105 2499 4161 in

420 4194 481 4247 V.
515 4194 577 4249 L.
614 4210 667 4263 p.
704 4198 808 4252 289
857 4193 1147 4250 scribebat:
1193 4194 1270 4262 τῷ
1306 4197 1584 4261 πορθμεῖ,
1636 4193 1778 4261 quod
1825 4196 1882 4248 et
1926 4192 2110 4262 ipsum
2155 4210 2341 4262 graece
2386 4193 2497 4248 dici

418 4297 572 4350 posse
607 4280 810 4336 tirones
844 4280 933 4337 vel
968 4298 999 4335 e
1035 4280 1218 4337 Toxar.
1256 4287 1320 4340 31
1358 4280 1680 4348 intelligent.
1751 4280 1807 4334 at
1839 4279 1982 4334 nihil
2015 4279 2332 4334 mutandum
2376 4295 2497 4336 esse

418 4384 484 4421 ex
515 4367 624 4423 alio
657 4367 694 4423 l.
728 4369 892 4437 patet,
930 4367 1026 4424 ubi
1060 4367 1246 4424 eadem
1280 4369 1443 4424 verba
1475 4368 1542 4422 de
1577 4383 1636 4421 re
1671 4366 1856 4422 eadem
1902 4366 2156 4436 leguntur
2201 4366 2284 4422 De
2319 4366 2499 4422 Luctu

421 4459 509 4516 10:
563 4455 641 4524 μὴ
691 4454 834 4524 ἔχειν
886 4456 954 4510 τὰ
1004 4459 1298 4527 πορθμεῖα
1353 4451 1706 4527 καταβαλεῖν.
1886 4452 2245 4526 καταβαλεῖν]
2299 4451 2498 4509 δοῦναι
