3099 5241
566 404 652 468 56
1392 405 1843 456 AOYKIANOY

569 571 617 641 ὦ
663 575 1015 650 Μένιππε,
1087 574 1191 639 καὶ
1259 575 1588 660 τέθνηκα,
1662 574 1746 667 ὡς
1813 574 2001 661 ὁρᾷς,
2075 572 2421 651 ἀθάνατος
2488 575 2655 644 εἶναι

568 674 961 762 δυνάμενος.
1058 679 1305 745 ΜΕΝ.
1376 682 1470 755 τίς
1518 681 1589 747 δέ
1635 706 1705 746 σε
1753 686 1906 765 ἔρως
1949 688 2064 745 τοῦ
2104 678 2410 747 θανάτου
2447 687 2647 771 ἔσχεν,

566 923 741 991 erunt,
775 923 945 977 totius
981 923 1208 978 Luciani
1245 924 1303 977 in
1337 925 1606 993 integrum
1641 924 1966 978 restituendi
2004 927 2201 993 quanta
2235 925 2523 981 difficultas
2560 928 2650 995 sit,

567 1011 763 1078 quanta
797 1010 940 1064 haud
970 1027 1086 1066 raro
1112 1010 1426 1066 obscuritas.
1482 1010 1613 1064 illue
1637 1010 1810 1064 rede0.
1864 1011 2080 1082 XXHI,
2107 1019 2140 1070 3
2179 1011 2308 1067 οὐδὲ
2350 1011 2653 1086 διαγνῶναι

570 1097 844 1167 δυναμένη
900 1099 1018 1166 (hoe
1067 1099 1277 1170 ordine)
1326 1100 1488 1153 etiam
1535 1102 1658 1151 ΩΨ.
1752 1098 1955 1153 ibidem
2003 1100 2060 1153 έν
2105 1103 2228 1170 post
2274 1103 2669 1170 καθικόμενον·

568 1201 654 1238 0111
689 1189 756 1237 Ω.
829 1184 1013 1254 XXV,
1051 1192 1083 1244 2
1123 1185 1235 1255 ἄρα
1285 1187 1428 1255 (post
1476 1184 1675 1255 μόνον)
1727 1203 1814 1241 0111
1860 1187 2023 1241 etiam
2057 1194 2117 1242 Ψ.
2193 1188 2398 1243 ibidem
2447 1189 2549 1258 ἐγώ
2590 1186 2651 1243 δὲ

569 1271 606 1324 ἃ
642 1270 825 1343 βλέπω
863 1276 986 1326 ΩΨ.
1045 1273 1103 1326 in
1141 1272 1350 1343 dialogo
1379 1272 1577 1327 XXVI
1611 1274 1868 1328 lectiones
1902 1273 2029 1328 libri
2066 1279 2117 1327 Ω
2152 1292 2295 1330 unus
2330 1276 2653 1330 Herwerden

566 1359 625 1412 in
660 1359 695 1415 l.
737 1358 1071 1427 ,Plutarehea
1105 1363 1159 1415 et
1192 1361 1341 1415 Lue.‘
1381 1378 1432 1430 p.
1470 1369 1538 1420 59
1582 1361 1828 1429 eontulit,
1866 1376 2000 1430 quae
2035 1379 2178 1431 nune
2214 1379 2245 1416 a
2278 1380 2364 1417 me
2401 1379 2499 1418 suo
2533 1363 2651 1417 loeo

568 1446 843 1515 suppletae
881 1451 1024 1503 sunt.
1095 1447 1334 1516 XXVII,
1374 1454 1401 1505 1
1441 1448 1604 1502 verba
1641 1445 1805 1501 οὐδέν
1843 1446 1973 1501 δέον
2005 1449 2165 1503 habet
2199 1455 2266 1514 Ω,
2321 1446 2414 1507 'sod
2452 1467 2538 1505 om
2582 1456 2646 1504 Ψ.

566 1534 768 1588 ibidem
814 1535 1116 1608 παγγέλοια
1167 1535 1316 1604 ἐρεῖν
1359 1542 1423 1599 Ψ,
1477 1536 1786 1604 ἑωρακέναι
1828 1534 2130 1605 παγγέλοια
2166 1541 2232 1590 Ω.
2307 1554 2352 1592 0.
2390 1544 2423 1596 2
2462 1535 2524 1591 οἶ
2550 1539 2654 1606 μέν

570 1621 725 1676 ἄλλοι
769 1628 829 1686 Ψ,
872 1634 962 1677 καὶ
1004 1623 1162 1678 ἄλλοι
1197 1626 1298 1692 μέν
1332 1628 1397 1677 Ω.
1458 1623 1615 1692 paulo
1651 1624 1773 1692 posi.
1811 1622 1862 1681 ές
1890 1623 2168 1678 Ἐλευσῖνα
2210 1631 2272 1689 Ψ,
2307 1620 2651 1678 Ἑλευσῖναδε

565 1714 630 1763 Ω.
695 1711 901 1765 ibidem
936 1728 1030 1780 pro
1066 1709 1327 1779 πολέμων
1362 1715 1491 1764 ΩΨ;
1527 1709 1813 1777 πολεμίων
1847 1711 2044 1781 inepte.
2118 1729 2164 1766 0.
2192 1718 2226 1769 3
2263 1710 2654 1780 ὗπεξορμήσας

575 1804 639 1862 Ψ,
679 1798 1112 1869 προεξορμήοας
1145 1802 1209 1851 Ω.
1284 1798 1488 1852 ibidem
1532 1800 1631 1851 τοῦ
1675 1798 1944 1865 Ἀρσάκου
1991 1801 2091 1853 τὸν
2140 1799 2339 1853 κοντὸν
2383 1799 2545 1852 etiam
2587 1805 2648 1852 Ψ.

566 1902 612 1939 0.
647 1891 684 1944 4
720 1889 917 1940 κοντὸν
951 1883 1406 1956 προβεβλημένος
1442 1885 1567 1954 (hoc
1610 1885 1815 1953 ordine)
1853 1890 1969 1939 ΩΨ.
2045 1887 2248 1940 ibidem
2299 1886 2327 1940 ὖ
2385 1885 2542 1956 Θρᾷξ
2591 1883 2651 1939 δὲ

566 1973 656 2027 ἐπὶ
701 1979 757 2026 Ψ
782 1976 838 2027 et
873 1973 1018 2027 idem
1053 1971 1344 2045 προβολήν
1380 1974 1436 2026 et
1468 1989 1597 2027 mox
1638 1971 1830 2040 ἐπειδὴ
1870 1973 2186 2041 παρῆλθεν,
2236 1978 2354 2028 tum
2400 1974 2547 2027 idem
2593 1973 2653 2026 ἐκ

564 2062 663 2116 τοῦ
701 2062 1001 2132 βουβοῖιός.
1056 2060 1188 2114 ibid.
1229 2061 1334 2114 ὑπὸ
1372 2059 1476 2128 τὴν
1510 2061 1689 2131 πυγὴν
1724 2063 1939 2115 servant
1973 2065 2098 2114 ΩΨ.
2155 2061 2287 2115 ibid.
2324 2061 2435 2115 τῶν
2475 2058 2654 2114 ἄλλων

574 2154 637 2212 Ψ,
677 2154 794 2207 τοῖς
832 2146 1014 2206 ἄλλοις
1048 2152 1114 2201 Ω.
1192 2165 1238 2202 e.
1277 2156 1309 2205 5
1349 2148 1376 2201 ὁ
1420 2144 1645 2215 ἰδιώτης
1682 2163 1769 2201 0111
1805 2151 1870 2210 Ω,
1911 2149 1966 2200 at
2001 2150 2179 2201 servat
2222 2154 2285 2201 Ψ.
2350 2165 2396 2202 e.
2433 2154 2467 2206 6
2502 2147 2649 2218 κάγὼ

568 2233 629 2290 δὲ
668 2235 760 2290 ὅτε
805 2242 868 2299 Ψ,
912 2235 1014 2304 ε’γὼ
1055 2233 1115 2289 δέ
1156 2235 1324 2289 ὁπότε
1363 2240 1428 2288 Ω.
1504 2236 1638 2290 ibid.
1676 2232 2063 2303 προσδραμών
2097 2239 2164 2298 Ω,
2217 2236 2313 2290 sed
2358 2236 2548 2289 lacuna
2592 2235 2653 2288 in

574 2330 635 2377 Ψ.
714 2341 759 2378 0.
799 2328 828 2380 7
869 2323 896 2376 ὅ
940 2322 1283 2380 δανειστικὸς
1320 2323 1348 2376 ὁ
1390 2323 1449 2375 ἐκ
1484 2327 1649 2390 πίσης
1682 2326 1749 2385 Ω,
1803 2321 1898 2375 sed
1936 2322 1964 2375 ὁ
2006 2319 2150 2392 ὃῶρι
2199 2324 2316 2376 tum
2364 2322 2553 2376 lacuna
2598 2324 2654 2376 et

564 2414 836 2483 πειραιῶς
871 2410 990 2481 (pro
1025 2411 1207 2479 πίσης)
1252 2417 1315 2464 Ψ.
1374 2411 1504 2465 ibid.
1545 2407 1601 2465 εἶ
1631 2409 1874 2464 τάλαντα
1910 2414 1975 2472 Ω,
2021 2409 2081 2467 ὃς
2115 2409 2358 2463 τάλαντα
2401 2415 2463 2463 Ψ.
2522 2409 2652 2463 ibid.

562 2499 707 2568 χίλια
759 2499 897 2565 ὁμοῦ
953 2505 1013 2552 Ψ.
1092 2499 1224 2553 ibid.
1277 2498 1364 2551 ὅτι
1411 2499 1668 2567 χρήματα
1723 2504 1785 2560 Ψ,
1841 2497 1914 2554 ὡς
1958 2499 2028 2550 τὰ
2075 2499 2333 2566 χρήματα
2378 2502 2443 2550 Ω.
2518 2497 2651 2552 ibid.

566 2585 731 2641 οὐδέν
765 2590 830 2649 Ω,
878 2583 1055 2655 μηδὲν
1099 2593 1162 2640 Ψ.
1238 2586 1370 2641 ibid.
1423 2585 1684 2640 ὑπονοῶν
1735 2584 1823 2639 ἀεὶ
1872 2583 2189 2657 βιώσεσθαι
2238 2585 2266 2640 ὁ
2304 2584 2541 2655 μάταιος
2584 2590 2648 2639 Ψ.

562 2675 693 2729 ibid.
730 2679 1071 2743 παρέσχοντο
1109 2678 1176 2737 Ω,
1219 2673 1314 2728 sed
1348 2679 1628 2742 παρέσχον
1664 2672 1788 2727 τότε
1836 2677 1899 2726 Ψ.
1960 2689 2005 2729 0.
2045 2677 2079 2730 8
2118 2671 2177 2726 δέ
2217 2690 2304 2728 0111
2339 2671 2460 2726 ΩΨ.
2520 2672 2651 2726 ibid.

562 2761 765 2816 πολλοί
796 2783 854 2833 γε
890 2765 958 2825 Ω,
1012 2762 1105 2816 sed
1153 2760 1351 2815 πολλοὶ
1404 2760 1463 2816 δὲ
1522 2768 1587 2814 Ψ.
1662 2761 1794 2817 ibid.
1847 2768 1940 2813 καὶ
1989 2759 2134 2829 (ante
2182 2762 2398 2830 πάντες)
2447 2776 2534 2815 0111
2584 2765 2650 2813 Ψ.

560 2851 693 2905 ibid.
731 2854 790 2904 τί
820 2852 1015 2918 rubro,
1058 2842 1170 2920 ἆρα
1205 2850 1268 2903 τὸ
1309 2847 1540 2918 φίλτρον
1576 2847 1767 2901 habere
1805 2848 2060 2902 videntur
2094 2852 2215 2901 ΩΨ.
2277 2865 2323 2902 0.
2360 2855 2392 2906 9
2432 2839 2531 2900 οὖν
2566 2863 2656 2900 0111

571 2944 634 2991 Ψ.
711 2937 842 2992 ibid.
886 2935 1142 3009 βασιλεύς
1177 2957 1257 2994 τις
1292 2938 1346 2990 et
1377 2952 1508 2989 mox
1547 2935 1833 3003 σατράπης
1876 2942 1939 2999 Ψ,
1993 2937 2090 2990 Sed
2137 2933 2394 3007 βασιλεὺς
2437 2935 2655 2987 et'mox

565 3025 852 3094 σατράπης
898 3047 979 3082 τις
1021 3027 1089 3077 Ω.
1162 3023 1293 3078 ibid.
1346 3022 1492 3090 εἶχον
1539 3027 1605 3085 Ω,
1658 3023 1754 3077 sed
1804 3025 1939 3090 ἔχων
1995 3030 2058 3076 Ψ.
2086 3045 2099 3060 ·
2135 3021 2402 3090 XXVIII,
2441 3026 2470 3079 1
2520 3021 2655 3088 ἡμῖν

564 3113 772 3181 ὁμοίως
813 3118 874 3175 Ψ,
917 3112 1025 3180 ὁμ.
1052 3151 1065 3164 .
1092 3151 1105 3164 .
1147 3111 1282 3179 ἡμῖν
1318 3110 1547 3180 (rasura)
1584 3115 1651 3164 Ω.
1726 3110 1858 3165 ibid.
1913 3111 2091 3179 μόνον
2140 3108 2199 3163 δέ
2254 3107 2317 3163 αἱ
2367 3115 2430 3172 Ψ,
2483 3108 2654 3176 μόναι

564 3200 691 3270 (sio)
729 3204 793 3253 Ω.
870 3199 1000 3257 ibid.
1050 3202 1132 3256 τίς
1182 3198 1210 3251 ὁ
1268 3201 1467 3257 Φινεὺς
1515 3191 1586 3266 ἦν
1631 3197 1669 3264 ἢ
1716 3206 1796 3255 τίς
1843 3197 1872 3249 ὁ
1915 3199 2166 3268 Λυγκεὺς
2213 3198 2377 3252 etiam
2432 3201 2496 3260 Ψ,
2545 3212 2655 3250 11011

561 3288 694 3341 item
729 3291 795 3344 Ω.
869 3286 1001 3340 ibid.
1038 3287 1209 3354 μόνος
1264 3286 1405 3355 ἀνὴρ
1451 3290 1512 3345 Ψ,
1567 3285 1737 3352 μόνος
1771 3293 1862 3337 καὶ
1904 3283 2086 3354 ἄρρην
2119 3288 2185 3337 Ω.
2260 3285 2392 3340 ibid.
2431 3282 2657 3353 ἡδίονος

565 3373 876 3443 ἐπειράθης
922 3377 987 3425 Ω.
1080 3373 1212 3427 ibid.
1272 3373 1441 3427 ὁπότε
1500 3379 1564 3435 Ψ,
1626 3369 1717 3426 ὅτε
1764 3376 1829 3424 Ω.
1917 3372 2049 3426 ibid.
2104 3374 2223 3427 00ῒο
2276 3373 2439 3427 verba
2495 3371 2653 3439 ἀμεί-

562 3484 674 3515 νων
697 3492 765 3500 -—
789 3463 1096 3532 γυναικεῖος
1132 3477 1218 3514 0111
1264 3466 1327 3523 Ψ,
1370 3460 1569 3528 quibus
1607 3461 1791 3528 postea
1825 3453 2090 3529 suppletis
2127 3462 2271 3514 ortae
2306 3461 2434 3513 sunt
2469 3459 2653 3513 turbae

562 3565 922 3618 personarum.
995 3549 1127 3602 ibid.
1175 3548 1282 3619 γὰρ
1334 3564 1420 3601 0111
1467 3549 1523 3600 et
1567 3547 1729 3600 habet
1778 3547 2069 3608 ἐπάλξεσιν
2105 3551 2172 3599 Ω.
2247 3563 2293 3600 e.
2331 3552 2365 3603 2
2400 3566 2536 3599 ποτε
2584 3552 2648 3608 Ψ,

564 3637 656 3691 sed
694 3657 830 3690 ποτε
884 3628 928 3688 ὦ
983 3640 1241 3703 Τειρεσία
1276 3637 1343 3696 Ω,
1399 3635 1492 3703 qui
1528 3651 1656 3689 mox
1694 3651 1780 3687 om
1816 3635 1889 3700 τῷ
1927 3637 2049 3703 βίῳ.
2104 3632 2257 3688 ibid.
2297 3630 2355 3686 δὲ
2396 3631 2545 3699 ὅμως
2588 3637 2653 3697 Ψ,

568 3721 621 3777 δ’
664 3721 812 3791 ὅμως
857 3727 922 3775 Ω.
999 3722 1130 3777 ibid.
1185 3721 1461 3791 ένεφράγη
1514 3724 1571 3775 et
1617 3738 1744 3775 mox
1795 3719 2165 3788 ἀπετάθησαν
2208 3726 2272 3784 Ψ,
2326 3719 2420 3773 sed
2456 3723 2507 3771 Ω
2550 3735 2653 3773 0111.

567 3812 794 3879 quatuor
839 3810 1001 3864 verba
1047 3818 1243 3863 καὶ·-
1283 3807 1748 3874 ἀπεσπάσθησαν.
1835 3807 1967 3861 ibid.
2024 3807 2198 3878 ἀνέφυ
2244 3811 2312 3869 Ω,
2367 3806 2462 3860 sed
2509 3805 2571 3859 in
2611 3812 2659 3858 Ψ

565 3915 659 3967 pro
714 3898 896 3952 verbis
953 3897 1127 3966 ἀνέφυ
1165 3927 1233 3936 -
1272 3895 1562 3975 ἐξήνεγκας
1621 3896 1705 3949 est
1767 3893 1973 3948 lacuna.
2061 3895 2194 3949 ibid.
2252 3894 2532 3964 ἀνεφάνης
2583 3896 2650 3956 Ω,

567 3985 776 4054 ἐφάνης
819 3992 882 4038 Ψ.
959 3985 1090 4039 ibid.
1138 3983 1301 4038 ταῦθ’
1342 3988 1408 4046 Ω,
1463 3981 1621 4037 τοῦθ’
1670 3988 1734 4035 Ψ.
1810 3998 1855 4035 0.
1895 3987 1928 4039 3
1968 3982 2028 4034 σὺ
2084 3974 2183 4034 οὖν
2226 3988 2291 4045 Ψ,
2345 3981 2440 4035 sed
2490 3982 2552 4033 σὺ
2594 3979 2653 4033 δέ

563 4077 628 4125 Ω.
702 4073 835 4127 ibid.
889 4075 947 4126 ri
1002 4072 1137 4139 ἔχεις
1187 4072 1349 4126 habet
1404 4073 1459 4134 et
1512 4087 1602 4125 0111
1653 4071 1821 4124 τοῦτο
1872 4073 1937 4121 Ω.
2012 4068 2228 4137 XXIX,
2270 4073 2298 4127 l
2341 4069 2544 4122 σαυτὸν
2586 4074 2652 4131 Ψ,

568 4161 800 4213 σεαυτὸν
846 4162 912 4211 Ω.
1000 4159 1132 4213 ibid.
1186 4158 1485 4226 ἐμέλλησας
1532 4162 1601 4221 Ω,
1657 4155 1925 4224 ἰμέληοας
1979 4162 2041 4209 Ψ.
2131 4156 2262 4211 ibid.
2319 4154 2531 4226 μεγάλα
2583 4158 2649 4216 Ω,

565 4252 705 4318 μέγα
750 4252 813 4300 Ψ.
888 4246 1019 4300 ibid.
1056 4248 1161 4316 γὰρ
1211 4253 1274 4309 Ψ,
1315 4247 1450 4317 γοῦν
1484 4249 1551 4298 Ω.
1625 4245 1758 4300 ibid.
1807 4249 1924 4303 τοῖς
1967 4251 2031 4305 Ψ,
2090 4245 2181 4298 ἐπὶ
2227 4246 2346 4301 τοῖς
2381 4247 2446 4295 Ω.
2522 4241 2652 4296 ibid.

563 4334 754 4404 ἠξίους
789 4338 855 4397 Ω,
895 4333 1136 4402 ἠξίωσας
1180 4341 1244 4388 Ψ.
1320 4332 1453 4388 ibid.
1501 4331 1644 4386 πολὺ
1696 4348 1783 4386 0111
1817 4336 1885 4394 Ω,
1934 4330 2134 4385 πολλοὶ
2178 4330 2340 4384 habet
2382 4336 2446 4383 Ψ.
2521 4328 2653 4383 ibid.

564 4442 666 4492 μοι
708 4427 770 4486 Ψ,
821 4442 921 4490 μοι
967 4423 1078 4476 τῶν
1128 4420 1320 4477 ἄθλων
1355 4424 1421 4475 Ω.
1499 4436 1543 4473 0.
1583 4425 1615 4477 2
1652 4419 1761 4473 τῶν
1800 4417 1986 4473 ὅπλων
2031 4416 2391 4489 παραδοῦναι
2425 4421 2491 4480 Ω,
2542 4416 2656 4470 τῶν
