3099 5241
563 332 707 407 168
1388 362 1815 416 aornANor

419 542 520 599 145
557 530 851 622 ἀπάγεις,
938 527 986 599 ὦ
1045 528 1498 621 Ἀργειφόντα,
1584 536 1626 576 ⁴*
1699 537 2134 622 χειραγωγῶν,
2215 534 2444 602 ΕΡΜ.
2527 535 2634 602 ἐπὶ

552 639 814 705 τουτονὶ
856 634 976 704 τὸν
1009 636 1285 723 Τίμωνα
1330 639 1781 724 ἐπέμφθημεν
1824 635 1957 704 ὑπὸ
1986 644 2104 705 τοῦ
2131 634 2310 714 Διός.
2389 639 2628 706 ΠΕΝ.

552 747 673 810 νῦν
726 740 763 809 ὁ
826 740 1127 816 Πλοῦτος
1180 742 1288 807 ἐπὶ
1360 740 1659 826 Τίμωνα,
1725 738 1929 808 ὁπότε
1985 739 2189 808 αὐτὸν
2250 738 2370 831 ἐγώ
2430 748 2633 819 κακῶς

553 844 780 936 ἔχοντα
838 842 972 911 ὑπὸ
1030 851 1149 930 τῆς
1211 850 1459 931 τρυφῆς
1516 846 2018 932 παραλαβοῦσα,
2083 846 2371 912 τουτοισὶ
2414 869 2633 931 παρα·-

555 948 786 1029 δοῦσα,
856 956 938 1037 τῇ
992 948 1206 1035 Σοφίᾳ
1272 950 1378 1015 καὶ
1443 955 1530 1036 τῷ
1578 947 1804 1036 Πόνῳ,
1875 961 2182 1039 γενναῖον
2248 948 2459 1036 ἄνδρα
2525 950 2631 1016 καὶ

551 1055 800 1120 πολλοῦ
845 1051 1020 1129 ἀξιον
1068 1050 1410 1133 ἀπέδειξας
1458 1054 1662 1129 οὕτως
1706 1053 1834 1139 ἄρα
1880 1050 2445 1139 εὐκαταφρόνητος
2473 1052 2632 1139 ὑμῖν

551 1155 593 1242 ῆ
660 1155 873 1223 Πενία
941 1155 1108 1223 δοκῶ
1165 1158 1272 1222 καὶ
1332 1155 1736 1242 εὐαδίκητος,
1809 1158 1978 1225 ὥσθ’
2037 1158 2076 1223 ὃ
2127 1154 2350 1243 μόνον
2408 1165 2632 1243 κτῆμα

554 1259 747 1349 εἶχον,
819 1258 1247 1347 ἀφαιρεῖσθαί
1294 1286 1405 1345 με,
1470 1259 1744 1346 ἀκριβῶς
1801 1259 1969 1348 πρὸς
2026 1258 2267 1347 ἀρετῆν
2311 1265 2632 1351 ἐξειργασ-

551 1366 784 1451 μένον,
851 1370 936 1430 ἵν’
999 1360 1197 1439 αὖθις
1256 1362 1290 1430 ὁ
1349 1365 1652 1440 Πλοῦτος
1710 1362 2111 1452 παραλαβών
2171 1363 2375 1432 αὐτὸν
2414 1366 2632 1452 ’Ὺβρει

552 1468 660 1534 καὶ
714 1464 913 1554 Τύφῳ
979 1467 1324 1556 ἐγχειρίσας
1390 1468 1630 1554 ὅμοιον
1686 1475 1772 1556 τῷ
1830 1467 2057 1548 πάλαι,
2127 1467 2479 1554 μαλθακὸν
2525 1470 2631 1536 καὶ

554 1570 792 1661 ἀγεννῆ
838 1571 944 1638 καὶ
988 1569 1278 1657 ἀνόητον
1323 1569 1679 1658 ἀποφήνας
1724 1571 1952 1640 ἀποδῶ
1996 1571 2196 1639 πάλιν
2242 1575 2390 1660 ἐμοὶ
2435 1572 2631 1661 ῥάκος
2733 1595 2736 1598 ’

552 1674 681 1761 ἤδη
735 1675 1177 1765 γεγενημένον
1191 1704 1219 1758 ,·
1284 1678 1513 1745 ΕΡΜ.
1589 1676 1767 1752 ’έδοξε
1820 1684 2052 1755 ταῦτα,
2126 1673 2174 1743 ὦ
2234 1672 2473 1756 Πενία,
2541 1684 2629 1765 τῷ

417 1788 519 1843 146
553 1783 685 1847 Διΐ.
758 1782 800 1822 ⁴*
867 1781 971 1846 33.
1038 1779 1280 1846 HEN.
1354 1780 1745 1869 ἀπέρχομαι·
1807 1782 1914 1847 καὶ
1958 1780 2146 1868 ὑμεῖς
2192 1780 2284 1860 δὲ,
2335 1776 2399 1847 ’ὦ
2444 1778 2631 1848 Πόνε

553 1884 659 1950 καὶ
701 1883 916 1970 Σοφία
982 1885 1088 1949 καὶ
1144 1887 1208 1950 οἱ
1264 1884 1507 1963 λοιποὶ,
1581 1884 2000 1952 ἀκολουθεῖτέ
2055 1910 2199 1972 μοι.
2308 1878 2502 1961 οὗτος
2559 1883 2630 1952 δὲ

551 1985 712 2077 τάχα
760 1990 1019 2067 εἴσεται,
1087 1993 1236 2055 οἵαν
1279 2014 1368 2074 με
1414 1985 1622 2056 οὖσαν
1666 1988 2033 2073 ἀπολείψει,
2084 1985 2356 2079 ἀγαθήν
2401 2013 2629 2076 συνερ-

690 2219 774 2272 32.
844 2212 1010 2285 Πεν.]
1046 2233 1155 2270 non
1186 2217 1357 2270 solum
1390 2213 1643 2274 Πλοῦτος
1685 2234 1866 2272 verum
1912 2218 2072 2272 etiam
2104 2218 2235 2272 haee
2267 2219 2475 2274 Πενίας
2507 2233 2626 2288 per-

552 2319 683 2358 sona
724 2303 969 2357 adsumta
1011 2305 1095 2357 est
1141 2320 1206 2357 ex
1236 2303 1405 2358 Arist.
1441 2304 1586 2359 Plut.
1626 2323 1673 2360 v.
1711 2307 1815 2361 415
1851 2322 1986 2374 sqq„
2032 2304 2127 2358 ubi
2171 2303 2462 2374 Paupertas
2503 2304 2627 2358 inde

552 2389 618 2443 ab
661 2409 708 2445 v.
744 2392 847 2446 469
894 2389 1036 2444 bona
1079 2406 1177 2444 sua
1221 2390 1388 2444 multo
1436 2391 1654 2445 uberius
1702 2391 1917 2461 exponit
1950 2407 2108 2460 quam
2142 2389 2282 2459 apud
2315 2390 2624 2445 Lucianum.

693 2474 783 2529 ε’πὶ
824 2474 1073 2544 Τίμωνα]
1109 2474 1199 2528 ἐπὶ
1232 2475 1333 2529 τὸν
1366 2478 1579 2545 τίμωνα
1616 2478 1682 2532 R.
1838 2475 2008 2530 αὐτὸν
2041 2494 2127 2532 om
2161 2478 2227 2529 Ω.
2379 2475 2629 2530 τούτοισι

552 2562 618 2618 A.
761 2560 895 2632 ἄρα]
935 2559 1114 2635 ἄνδρα
1151 2579 1183 2617 a
1218 2559 1388 2634 (nulla
1421 2563 1765 2618 distinetione
1812 2568 1937 2635 post
1984 2560 2296 2634 ἀπέδειξα),
2346 2564 2442 2618 ubi
2485 2580 2547 2618 ex
2583 2564 2626 2617 T

551 2650 877 2721 adscriptum
922 2639 1052 2718 ἀρα.
1210 2648 1699 2721 εὐκαταφρόνητος
1747 2650 1876 2719 ὑμῖν
1919 2650 1951 2719 ἦ
2003 2654 2180 2705 Πενία
2229 2647 2403 2719 δοκῶ]
2447 2651 2549 2705 hoc
2597 2669 2626 2705 e

552 2737 821 2791 comoedia
852 2754 987 2792 nova
1020 2737 1237 2791 ductum
1271 2740 1369 2792 est.
1441 2741 1600 2808 poeta
1631 2739 1866 2793 incertus
1900 2756 1984 2808 ap.
2021 2739 2217 2794 Athen.
2254 2738 2306 2792 X
2340 2755 2392 2808 p.
2412 2740 2533 2804 458,
2568 2755 2626 2792 az

554 2820 1040 2893 εὖκαταφρόνητός
1085 2821 1200 2876 ἐστι
1251 2826 1434 2886 πενία,
1490 2821 1733 2893 Δερκύλε
1783 2828 1839 2879 et
1883 2824 2172 2879 Menander
2209 2842 2291 2895 ap.
2343 2825 2627 2879 Stobaeum

551 2910 693 2965 Flor.
739 2910 932 2976 XCVI,
968 2915 1027 2966 5:
1074 2907 1567 2979 εὐκαταφρόνητόν
1614 2910 1748 2973 ἐστι,
1799 2914 2028 2979 Ιόργιά,
2077 2915 2259 2977 πένης.
2421 2911 2623 2979 κτῆμα]

550 2997 607 3052 id
644 2997 707 3051 de
740 2997 978 3068 personis
1013 2997 1104 3051 hie
1136 2997 1371 3068 positum
1405 3000 1462 3051 et
1493 2998 1552 3051 in
1586 2999 1652 3052 D.
1678 2999 1833 3052 Deor.
1853 2998 1947 3063 VI,
1983 3000 2016 3052 3
2052 2998 2182 3052 item
2216 3001 2300 3051 est
2330 3000 2622 3067 poetarum.

550 3084 669 3139 vide
705 3084 865 3154 Soph.
901 3084 1084 3153 Antig.
1122 3102 1170 3138 v.
1195 3086 1328 3150 ⁴¹782.
1361 3153 1369 3160 ⁶
1474 3082 1854 3152 ἀφαιρεῖσθαί
1883 3083 2228 3146 ΑΝΨΩςΡΒ,
2281 3081 2626 3154 ἀφαιρεῖσθέ

552 3170 669 3240 (sed
702 3171 892 3225 ultima
922 3170 1078 3224 litera
1109 3170 1168 3224 in
1201 3167 1330 3237 ras.)
1363 3172 1431 3232 Ω,
1474 3168 1819 3239 ἀφαιρεῖσθέ
1860 3175 1904 3223 Ο
1941 3175 1997 3226 et
2024 3190 2072 3226 v.
2217 3167 2625 3240 ἐξηργασμένον

551 3258 665 3313 abe.
821 3253 914 3324 ἵν’]
948 3255 1040 3308 ἵνα
1074 3257 1188 3312 AR.
1349 3254 1649 3327 ἐγχειρίσας
1682 3257 2045 3317 ΑΟΨΩΩςΡΒ,
2077 3274 2198 3312 cum
2232 3258 2419 3325 Fabro,
2455 3256 2622 3328 ἐγχει-

553 3341 726 3412 ρήσας
758 3343 875 3398 edd.
908 3345 1038 3397 vett.
1195 3340 1493 3409 μαλθακὸν
1537 3350 1631 3396 καὶ
1678 3342 1874 3414 ἀγεννῆ
1923 3352 2015 3397 καὶ
2053 3341 2294 3410 ἀνόητον
2328 3341 2626 3412 (ἀνόνητον

551 3428 622 3498 R)
656 3428 925 3488 ΑΩΩςΡΒ,
958 3432 1076 3496 etv,
1110 3426 1408 3496 μαλθακὸν
1442 3437 1533 3481 καὶ
1573 3428 1814 3498 ἀνόητον
1831 3430 2062 3499 (omissis
2081 3430 2252 3485 verbis
2273 3437 2365 3483 καὶ
2403 3428 2624 3501 ἀγεννῆ)

560 3520 624 3580 Ψ,
662 3513 961 3584 μαλθακὸν
991 3523 1087 3569 καὶ
1124 3514 1398 3582 ἀνόνητον
1432 3515 1553 3585 (sic)
1591 3523 1683 3568 καὶ
1719 3514 1917 3586 ἀγεννῆ
1959 3521 2004 3569 0
2039 3517 2139 3586 (ita
2162 3516 2247 3585 O).
2319 3534 2417 3572 nec
2451 3517 2624 3573 delere

549 3603 710 3659 verba
742 3610 836 3656 καὶ
873 3600 1070 3674 ἀγεννῆ
1106 3604 1250 3669 lieet,
1296 3620 1430 3674 quae
1464 3603 1823 3673 superioribus
1863 3606 2118 3675 γενναῖον
2165 3598 2345 3672 ἄνδρα
2382 3633 2451 3642 -—-
2488 3602 2621 3657 ἀπέ-

552 3686 712 3753 δειξα
747 3691 994 3762 opposita
1036 3693 1177 3755 sunt,
1228 3706 1400 3760 neque
1441 3689 1754 3744 mutandum
1799 3694 1884 3745 est
1931 3688 2189 3758 ἀνόητον,
2241 3690 2381 3760 quod
2427 3691 2623 3760 optime

548 3778 832 3848 respondet
865 3779 934 3833 ad
965 3778 1238 3848 superiora
1271 3777 1406 3845 §28‚
1440 3778 1535 3831 ubi
1563 3776 1756 3831 Plutus
1790 3776 2052 3846 loquitur:
2092 3779 2625 3847 συμπαρεισέρχεται

548 3862 663 3932 μετ’
704 3863 839 3932 ἐμοῦ
875 3893 943 3903 -·
978 3863 1011 3933 ἡ
1053 3862 1235 3918 ἄνοια.
1310 3867 1369 3920 at
1401 3881 1499 3919 vox
1537 3861 1805 3930 ἀνόνητος
1846 3864 1912 3917 ab
1948 3864 2182 3918 Luciano
2227 3864 2386 3919 rebus
2427 3865 2622 3919 tribui-

547 3954 653 4016 tur,
686 3952 925 4021 personis
958 3968 1067 4006 non
1098 3952 1264 4018 item„

688 4040 773 4093 33.
849 4034 1073 4108 ἀγαθὴν
1104 4037 1254 4092 codd.
1290 4039 1346 4091 et
1380 4036 1497 4091 edd.
1536 4052 1732 4102 omnes,
1765 4037 1861 4091 sed
1894 4037 2060 4092 schol.
2097 4037 2388 4092 Vossianus
2424 4037 2624 4092 diserte

549 4124 708 4195 legit:
757 4121 993 4195 ἀγαθόν.
1066 4124 1195 4179 hinc
1238 4125 1365 4178 olim
1410 4123 1639 4192 conjecit
1690 4120 1941 4193 ἀγαθῶν,
1990 4141 2124 4194 quae
2171 4109 2338 4190 ‚borsa‘
2372 4124 2621 4193 deinceps

548 4213 905 4277 recensentur,
940 4228 1128 4282 eorpus
1165 4228 1365 4276 sanum,
1403 4226 1531 4265 sana
1563 4226 1712 4264 mens
1760 4214 1816 4264 et
1848 4211 1967 4266 alia.
2039 4211 2404 4280 comparabam
2435 4210 2619 4280 Eurip.

547 4299 743 4355 Bacch.
779 4317 829 4355 v.
866 4301 994 4356 5012
1037 4297 1224 4353 κακῶν
1261 4294 1552 4367 συνεργοῦς
1589 4296 1980 4368 jungebamque
2013 4299 2173 4353 verba
2216 4295 2344 4362 οἵαν
2389 4294 2624 4366 ἀγαθῶν
