3099 5241
639 407 762 471 158
1453 406 1911 457 ,tomzmor

634 596 704 632 ex
732 574 870 632 ΦΜἏ
909 578 972 631 οὗ
1013 582 1282 645 καθαρῶς
1316 579 1482 631 edidi.
1517 582 1787 647 postremo
1821 596 1916 647 pro
1950 579 2169 647 Vulgata
2204 579 2265 632 ἓν
2298 580 2551 639 ὀθονίοις
2584 582 2736 648 νοή-

633 688 784 733 μονα
826 666 944 720 dixi
981 666 1040 719 in
1079 666 1220 719 «Mla
1253 670 1494 720 exstm’e:
1543 666 1633 719 ἀεὶ
1670 666 1925 734 νοήμονα
1960 667 2145 720 verbis
2182 667 2241 719 ἓν
2276 668 2531 726 ὀθονίοις
2562 669 2736 737 plane

635 753 854 807 omissis
889 756 944 805 ct
979 754 1128 807 istud
1161 754 1415 821 νοήμονα
1442 756 1623 821 aperte
1658 770 1778 806 esse
1814 754 2148 806 mendosum.
2207 753 2313 807 Sed
2344 756 2509 809 hodie
2541 758 2737 810 totum

635 841 812 895 locum
846 842 922 893 ita
955 840 1092 909 lego,
1139 841 1214 893 ita
1249 840 1500 909 suppleo:
1548 840 1889 910 Παγκράτην
1924 838 2111 909 λέγεις,
2163 841 2269 910 ἔφη
2312 843 2343 895 ὅ
2373 843 2732 914 Ἀρίγνωτος,

636 929 774 996 ἐμὸν
810 925 1167 991 διδάσκαλον,
1226 926 1406 995 ἄνδρα
1457 927 1631 994 ἱερὸν,
1690 927 2047 995 ἐξυρημένον,
2104 928 2193 981 ἀεὶ
2247 928 2447 996 λινῆν
2497 930 2737 999 μόνην

637 1016 992 1084 [φοροῖῗπιῃ]
1042 1015 1105 1067 οὗ
1152 1018 1423 1082 καθαρῶς
1467 1014 1820 1082 ἑλληνίζοντα
1858 1045 1945 1065 —.
2026 1014 2271 1068 Praestat
2312 1018 2459 1070 enim
2503 1035 2633 1071 cum
2679 1023 2737 1070 Φ

635 1102 868 1156 Scribere
903 1106 966 1155 ut
999 1102 1146 1155 edidi
1185 1100 1364 1170 ἄνδρα
1403 1102 1561 1169 &pbr
1596 1119 1758 1170 quam
1792 1100 1948 1167 ἱερὸν
1986 1099 2167 1168 ἄνδρα
2212 1104 2277 1155 ut
2307 1104 2475 1172 vulgo
2504 1104 2734 1172 legitUI.

633 1188 768 1243 Dixi
803 1188 934 1243 olim
968 1192 1022 1242 et
1057 1193 1240 1257 postea
1273 1190 1332 1241 in
1367 1189 1537 1243 Praef.
1562 1189 1633 1241 V.
1656 1189 1713 1243 II
1748 1188 1810 1242 P.
1834 1189 1894 1242 Π
1926 1206 1978 1257 p.
2002 1188 2142 1242 Vm
2174 1190 2384 1258 repetii„
2418 1191 2737 1246 Lucianum

634 1293 668 1329 a
712 1279 1005 1330 correctore
1053 1275 1355 1345 Byzantino
1406 1278 1530 1330 data
1581 1293 1739 1345 opera
1787 1275 2117 1329 recensitum
2160 1293 2283 1331 esse
2329 1294 2555 1347 eamque
2604 1296 2736 1332 rem

635 1362 1004 1417 Siemonscnio
1048 1366 1104 1417 et
1147 1362 1272 1417 aliis
1307 1364 1614 1432 adprobavi.
1678 1363 1763 1416 Ita
1796 1364 1899 1417 hoc
1932 1363 2052 1417 loco
2088 1364 2338 1432 νοήμονα
2372 1364 2500 1418 libri
2535 1381 2735 1419 omnes

637 1454 860 1503 tuentur
893 1450 1254 1519 conjecturam
1288 1454 1524 1504 veterem
1560 1453 1615 1503 et
1649 1467 1768 1504 eam
1800 1453 1955 1503 notae
1990 1452 2272 1519 pessimae,
2314 1452 2365 1504 si
2397 1468 2513 1504 rem
2546 1452 2737 1520 ipsam

636 1538 846 1605 spectes
860 1577 875 1604 ‚
922 1537 1010 1590 sin
1057 1540 1226 1591 artem
1273 1538 1667 1606 interpolantiS‚
1716 1538 1973 1591 ductibus
2018 1539 2297 1607 archetypi
2345 1538 2503 1608 longe
2537 1542 2735 1608 proxi·

635 1640 794 1677 mam,
854 1623 992 1677 Nam
1017 1625 1288 1678 Lucianus
1325 1627 1559 1693 profecto
1592 1643 1701 1680 non
1736 1626 1987 1693 νοήμονα
2024 1626 2311 1694 scripserat
2338 1643 2529 1679 verum
2566 1625 2737 1694 λινῆν

635 1711 815 1779 μόνην
848 1714 905 1765 et
937 1715 1059 1779 post
1092 1711 1273 1779 μόνην
1317 1712 1481 1765 etiam
1519 1716 1807 1780 φοροῦντα
1844 1714 2135 1781 addiderat,
2184 1715 2327 1782 quod
2373 1715 2734 1783 participium

636 1802 842 1852 mature
889 1798 1098 1851 interiit
1143 1802 1198 1852 et
1241 1800 1486 1868 proximo
1533 1799 1628 1854 illo
1679 1799 2033 1867 ἑλληνίζοντα
2080 1802 2394 1855 devoratum
2438 1804 2538 1855 est.
2611 1802 2730 1856 Sed

636 1888 903 1939 corrector
949 1889 1236 1955 ᾳοροῦντα
1285 1886 1344 1939 111
1391 1887 1507 1940 cod.
1543 1903 1643 1941 3110
1691 1904 1798 1941 non
1847 1888 2081 1957 amplius
2115 1889 2329 1942 invenit
2362 1889 2591 1957 ideoque
2628 1906 2732 1957 pro

636 1972 763 2026 istis
810 1970 968 2039 λινῆν
1013 1974 1192 2040 μόνην
1235 1990 1334 2027 3110
1379 1973 1559 2041 ipsius
1606 1974 1846 2041 periculo
1893 1975 2146 2043 νοήμονα
2188 1976 2490 2030 substituit.
2567 1977 2732 2042 Quod

637 2063 816 2113 autem
863 2078 961 2129 ego
1008 2063 1190 2114 contra
1241 2078 1425 2114 omnes
1476 2062 1693 2115 codices
1750 2067 2038 2129 φοροῦντα
2091 2066 2215 2132 post
2265 2063 2446 2131 μόνην
2496 2063 2730 2129 inserui,

637 2150 807 2201 testor
828 2148 985 2217 quasi
1010 2148 1248 2203 codicem
1273 2147 1508 2216 aliquem
1536 2150 1793 2216 scriptore
1824 2150 1944 2218 ipso
1969 2151 2337 2216 vetustiorem,
2372 2150 2731 2216 Herodotum,

639 2234 795 2303 cujus
830 2234 977 2289 locos
1013 2235 1287 2290 Lucianus
1321 2235 1454 2289 alias
1501 2252 1715 2304 quoque
1751 2237 1817 2289 ad
1853 2238 2081 2290 verbum
2113 2238 2353 2290 retinuit.
2426 2237 2516 2290 Sic
2552 2237 2732 2305 igitur

639 2316 705 2374 d'e
770 2322 1137 2376 sacerdotibus
1199 2322 1589 2391 Aegyptiorum
1649 2322 1956 2378 Herodotus
2021 2324 2106 2390 ΙΙ,
2160 2330 2259 2381 37:
2332 2322 2395 2376 οἶ
2453 2322 2513 2378 δὲ
2583 2323 2733 2391 ἱρέες

642 2408 1029 2476 ξυρέονται
1081 2441 1150 2448 -
1205 2410 1420 2478 ἐσθῆτα
1461 2408 1520 2463 δὲ
1574 2415 1923 2478 φορέουσι
1972 2409 2033 2463 οἱ
2077 2408 2221 2478 ίρίες
2268 2409 2507 2476 λινέην
2551 2411 2731 2479 μοι’·-

636 2517 761 2561 vnit
793 2525 862 2536 --
901 2495 1070 2563 ἄλλην
1106 2495 1169 2550 δέ
1207 2518 1307 2563 σφι
1345 2497 1559 2564 ἐσθῆτα
1599 2497 1697 2549 οὐκ
1736 2499 1918 2559 ἔξεστι
1954 2497 2162 2567 λαβεῖν.
2248 2497 2332 2551 De
2377 2498 2480 2551 1100
2515 2498 2730 2550 vestitu

636 2599 762 2637 cum
797 2582 1067 2638 Herodoto
1103 2584 1284 2653 plures
1321 2584 1667 2639 consentiunt
1702 2585 1853 2638 velut
1890 2584 2125 2639 Ovidius
2172 2584 2234 2637 in
2267 2583 2482 2638 Metam.
2518 2584 2565 2652 I,
2603 2589 2727 2650 747,

636 2670 726 2723 cui
780 2669 950 2724 Isidis
998 2673 1300 2726 sacerdotes
1360 2672 1533 2740 ‚turba
1580 2675 1709 2725 sunt
1753 2672 1994 2741 linigera}
2053 2675 2109 2724 et
2153 2671 2350 2724 iterum
2397 2672 2456 2723 in
2504 2671 2605 2740 Ep.
2655 2687 2726 2723 ex

636 2755 810 2810 Ponto
844 2755 890 2822 Ι,
928 2762 1047 2826 151,
1097 2759 1189 2813 ubi
1225 2760 1334 2814 Isis
1381 2760 1501 2828 ipsa
1543 2761 1630 2812 est
1678 2758 1952 2827 ‚linigera‘.
2038 2760 2289 2812 Ceterum
2331 2758 2391 2811 in
2439 2758 2569 2811 edit.
2605 2774 2727 2811 mea

635 2842 839 2897 vitium
892 2847 1143 2914 νοήμονα
1195 2864 1264 2900 ex
1316 2847 1438 2915 ipso
1489 2846 1761 2900 Herodoto
1822 2847 2061 2900 nondum
2118 2846 2330 2899 correxi
2380 2845 2611 2913 ideoque
2668 2846 2727 2896 ἐν

641 2931 894 2990 ὀθονίοις
945 2951 1052 2987 non
1103 2934 1256 3002 potui
1308 2950 1415 2987 non
1467 2950 1695 2988 servare.
1784 2934 1978 2987 Postea
2037 2932 2110 2985 M.
2161 2932 2220 2986 C.
2268 2933 2427 2986 Gertz
2478 2931 2725 3000 Madvigi

638 3018 888 3074 alumnus
930 3021 1036 3074 etsi
1071 3020 1322 3088 νοήμονα
1357 3020 1528 3074 nihilo
1576 3020 1749 3089 magis
1796 3021 2057 3089 corrigere
2104 3020 2309 3088 potuit:
2356 3021 2499 3073 recte
2545 3021 2723 3074 tamen

640 3123 766 3161 cum
806 3107 946 3162 ‹aMa
994 3109 1051 3161 ἐι·
1089 3107 1342 3164 ὀθονίοις
1377 3108 1542 3162 deleri
1579 3107 1755 3161 voluit
1788 3111 1973 3175 utpote
2007 3107 2255 3176 glossam.
2292 3138 2360 3146 —
2396 3107 2623 3161 Transeo
2658 3106 2724 3160 ad

639 3194 921 3262 epistolam
966 3196 1220 3249 famosam
1264 3200 1408 3263 Περὶ
1456 3198 1555 3262 τῆς
1600 3200 1945 3266 Περεγρίνου
1994 3194 2266 3261 τελευτῆς,
2317 3194 2377 3246 in
2412 3194 2565 3247 codd.
2602 3209 2722 3262 per-

643 3284 829 3352 paucis
884 3282 1228 3350 superstitem
1243 3324 1258 3350 ,
1323 3300 1393 3336 ex
1447 3300 1553 3352 quo
1606 3283 1987 3337 monachorum
2054 3282 2249 3350 pietate
2314 3281 2509 3349 partim
2561 3279 2722 3334 deleti

639 3369 836 3437 partim
876 3369 1110 3422 truncati
1147 3372 1289 3422 sunt.
1360 3370 1426 3423 In
1460 3372 1562 3424 hac
1597 3369 1823 3439 epistola
1857 3370 1982 3423 inde
2016 3370 2081 3422 ab
2120 3387 2166 3422 c.
2204 3375 2236 3425 7
2271 3368 2503 3422 rhetoris
2539 3368 2721 3437 cujus-

642 3458 762 3511 dam
812 3456 978 3510 oratio
1013 3457 1254 3524 refertur,
1305 3473 1465 3525 quam
1511 3457 1604 3511 ille
1656 3458 1872 3526 ingente
1925 3457 2261 3510 audientium
2313 3456 2373 3509 in
2423 3456 2513 3508 his
2558 3455 2722 3508 etiam

641 3544 868 3600 Luciani
922 3561 1113 3598 corona
1164 3543 1378 3598 cinctus
1428 3544 1707 3614 Olympiae
1761 3546 1816 3597 et
1867 3544 1926 3596 in
1970 3543 2320 3612 Peregrinum
2364 3543 2625 3597 habuerat
2669 3542 2722 3594 et

641 3649 771 3687 vero
823 3633 986 3686 etiam
1039 3631 1098 3685 in
1154 3631 1501 3686 Christianos
1606 3632 1676 3685 Et
1738 3631 1827 3685 his
1881 3630 2099 3699 quidem
2166 3647 2211 3683 c.
2260 3634 2326 3687 21
2389 3630 2556 3683 med:
2618 3629 2717 3698 χρὴ

643 3729 734 3774 καὶ
794 3721 920 3777 τοὺς
976 3718 1319 3787 πατραλοίας
1378 3729 1469 3771 καὶ
1540 3721 1701 3777 τοὺς
1774 3718 2030 3772 ἀθέους
2102 3714 2256 3774 δίκας
2329 3714 2554 3770 διδόναι
2611 3717 2722 3769 τῶν

640 3806 1012 3876 τολμημάτων
1072 3807 1267 3876 objecit
1328 3806 1615 3874 ἀθεότητα
1676 3806 1848 3875 magis
1912 3803 2122 3872 vulgari
2181 3804 2338 3858 modo
2397 3806 2452 3857 et
2506 3804 2718 3870 leniore,

640 3897 698 3950 id
756 3897 839 3949 est
897 3896 1113 3963 negavit
1171 3910 1262 3948 eos
1320 3895 1481 3947 fidem
1538 3894 1731 3948 habere
1793 3891 1902 3945 diis
1957 3890 2258 3960 gentilium.
2352 3893 2426 3944 At
2475 3909 2717 3945 nonnun-

643 4001 802 4054 quam
871 3983 973 4037 hoc
1045 3982 1249 4035 crimen
1316 3981 1486 4035 multo
1552 3980 1787 4046 atrocius
1847 3981 1957 4047 est,
2030 3978 2124 4032 ubi
2199 3994 2379 4033 osores
2445 3978 2718 4047 religionis

640 4073 851 4126 nostrae
921 4069 999 4123 ita
1068 4068 1413 4137 cavillantur,
1499 4068 1677 4121 Deum
1758 4066 1940 4134 ipsum
2011 4066 2066 4118 ct
2144 4065 2334 4118 Jesum
2403 4063 2717 4120 Christianis

642 4175 811 4212 unum
862 4156 1032 4210 fuisse
1083 4173 1283 4209 numen
1329 4154 1532 4209 videri:
1587 4153 1735 4222 atqui
1772 4153 1963 4206 Jesum
1998 4153 2167 4206 fuisse
2214 4152 2504 4221 hominem,
2560 4153 2716 4205 deum

642 4262 749 4299 non
799 4244 995 4297 fuisse:
1044 4261 1166 4312 ergo
1206 4242 1527 4298 Christianis
1566 4241 1780 4295 omnino
1816 4239 2027 4293 nullum
2064 4240 2224 4292 deum
2259 4238 2491 4307 relinqui
2528 4238 2621 4307 qui
2655 4236 2716 4290 ab

642 4333 715 4387 iis
749 4331 837 4401 pie
875 4330 1095 4398 colatur,
1150 4330 1244 4384 sed
1280 4329 1344 4383 ab
1375 4329 1556 4383 atheis
1592 4328 1717 4382 istis
1753 4328 1915 4380 deum
1950 4327 2134 4395 ipsum
2167 4328 2419 4395 tanquam
2457 4325 2621 4379 solem
2655 4324 2716 4377 de

641 4418 841 4475 mundo
892 4417 1162 4473 sublatum
1210 4433 1344 4472 esso.
1417 4415 1591 4470 Venio
1627 4431 1770 4470 nunc
1807 4415 1872 4468 ad
1911 4431 1955 4470 c.
1997 4418 2054 4472 11
2096 4413 2206 4482 fin„
2256 4429 2417 4483 quem
2451 4411 2628 4467 locum
2661 4411 2713 4463 in
