3099 5241
188 390 207 399 ὴ
470 360 481 453 g
590 374 828 433 xxxw
978 404 983 413 -
1360 372 1906 432 PaomcounNA

591 532 787 617 Serm.
832 551 884 634 Ι,
944 550 1003 628 1,
1057 549 1145 615 64
1197 548 1368 615 male
1411 548 1638 647 retulit
1682 548 1763 614 ad
1808 514 2163 617 Timonem*
2184 528 2661 626 Atheniensem,

590 655 720 738 ‚qui
777 654 997 720 odium
1039 654 1258 738 generi
1300 653 1577 718 humano
1623 652 1888 719 indixit‘.
1974 652 2188 719 minus
2231 656 2403 717 recte
2445 655 2658 717 tamen

572 758 1111 855 §Hemsterhusius
1179 758 1256 823 de
1321 757 1632 841 Diogenis
1700 758 1773 822 L.
1840 759 1982 823 loco
2048 757 2163 836 IX,
2231 757 2335 834 12,
2402 758 2443 838 ξ
2505 756 2659 823 112:
2713 748 2730 761 ²
2835 780 2844 785 -

588 858 624 926 ὃ
687 859 749 927 δ’
812 855 930 927 οὖν
989 857 1345 948 φιλόσοφος
1399 896 1479 910 --·
1546 863 1611 925 οἱ
1673 858 1743 926 δὲ
1784 855 2155 948 φεύγοντες,
2204 855 2512 944 καθάπερ
2556 858 2663 925 ascai

589 962 625 1030 ὃ
705 963 935 1051 Τίμων
994 966 1319 1051 judicasse
1383 965 1653 1043 videtur,
1720 984 1883 1048 quae
1950 965 2163 1032 omnia
2226 983 2373 1030 vere
2440 964 2663 1029 cadere

586 1071 861 1137 voluerit
938 1072 1151 1154 potius
1234 1071 1302 1136 in
1378 1070 1717 1136 Timonem
1796 1069 2253 1135 Atheniensem
2332 1068 2663 1135 hominum

587 1193 851 1242 osorem.
962 1178 1030 1241 at
1096 1193 1212 1259 ego
1279 1174 1442 1240 nihil
1505 1174 1612 1240 hic
1677 1173 1935 1257 quidem
1998 1173 2355 1257 Diogenem
2420 1189 2661 1238 errasse

587 1279 881 1359 arbitror,
926 1280 1038 1344 sed
1080 1279 1239 1344 haec
1286 1279 1500 1344 omnia
1542 1280 1611 1344 in
1657 1279 1990 1344 Timonem
2023 1277 2382 1343 Phliasium
2427 1277 2662 1360 optime

530 1400 531 1403 ’
587 1383 938 1449 convenire.
1028 1383 1297 1466 denique
1358 1383 1628 1449 seriores
1673 1384 1750 1448 de
1798 1383 2063 1448 Timone
2106 1382 2440 1448 hominum
2482 1399 2662 1448 osore

582 1487 752 1552 haud
794 1505 999 1570 pauca
1041 1489 1282 1552 temere
1329 1490 1393 1552 et
1436 1487 1602 1552 falso
1649 1488 2054 1570 scripserunt,
2102 1486 2458 1570 cujusmodi
2469 1504 2660 1551 men-

585 1592 837 1657 dacium
883 1610 1074 1674 supra
1120 1608 1195 1656 ex
1241 1591 1692 1675 Olympiodoro
1738 1591 1965 1657 adtuli.
2055 1591 2184 1656 alia
2232 1609 2360 1656 non
2403 1590 2659 1655 omnino

583 1713 733 1761 vera
778 1697 889 1762 sed
933 1695 1120 1762 valde
1167 1698 1463 1778 suspecta
1507 1699 1674 1761 sunt.
1763 1695 1942 1761 velut
1986 1694 2310 1761 Ausonius
2364 1695 2433 1760 in
2474 1695 2659 1778 Idyll.

582 1799 704 1864 XV
725 1798 813 1864 34
837 1800 1172 1865 Timonem
1208 1798 1498 1879 AtheniS‚
1545 1801 1713 1883 quod
1756 1800 1971 1866 nullas
1994 1799 2311 1866 amicitias
2336 1800 2660 1877 coluisset,

490 1964 495 1967 Α
588 1903 743 1970 dicit
784 1904 1144 1987 lapidatum
1189 1922 1347 1969 esse.
1428 1907 1649 1970 contra
1693 1905 1864 1995 apud
1883 1904 2238 1969 Lucianum
2280 1904 2347 1968 in
2396 1903 2698 1970 Timone·

584 2012 862 2075 extremo
923 2009 1154 2073 Timon
1209 2012 1275 2075 et
1319 2007 1635 2075 amicitias
1695 2012 1914 2076 sancte
1970 2008 2243 2074 coluisse
2293 2008 2538 2073 *dicitur
2597 2010 2663 2071 et

584 2112 747 2179 alios
807 2113 942 2196 ipse
995 2113 1168 2178 ultro
1223 2113 1388 2196 petit
1448 2113 1787 2197 lapidibus.
1874 2113 2091 2195 itaque
2147 2112 2469 2178 Ausonius
2513 2129 2659 2178 vere

585 2216 759 2282 facta
814 2218 1128 2301 opinatur,
1197 2235 1359 2299 quae
1413 2217 1564 2283 ficta
1624 2217 1703 2282 ab
1763 2217 2015 2283 rhetore
2074 2216 2274 2283 fuisse
2332 2216 2413 2281 ad
2468 2215 2661 2281 fidem

582 2320 844 2404 pronius
889 2324 1005 2386 est.
1093 2321 1161 2387 in
1207 2321 1636 2403 superioribus
1681 2322 1841 2387 locis
1884 2321 2284 2404 maximeque
2312 2321 2380 2385 in
2401 2321 2659 2387 Plutar-

586 2423 758 2491 cheis
820 2425 1155 2491 Timonem
1209 2425 1485 2490 vidimus
1519 2426 1700 2491 satis
1760 2425 1985 2491 acerbe
2051 2425 2446 2508 reprehendi.
2549 2425 2659 2490 sed

584 2528 966 2595 Plutarchus
1023 2547 1229 2612 pauca
1284 2530 1365 2594 de
1408 2529 1630 2595 multis
1677 2530 1848 2595 dicta
1894 2548 2032 2595 esse
2087 2530 2224 2613 ipse
2268 2530 2336 2594 in
2379 2518 2694 2594 Antonio'

434 2661 443 2666 ’
494 2711 495 2716 ¹
585 2653 639 2700 c,
702 2634 781 2700 71
846 2634 1119 2708 fatetur:
1179 2638 1390 2699 ταῦτα
1448 2636 1575 2718 μὲν
1633 2633 1785 2719 περὶ
1849 2632 2176 2719 Τίμωνος,
2240 2635 2467 2717 inquit,
2523 2620 2658 2698 ἇπό

583 2737 840 2802 πολλῶν
889 2733 1094 2824 ὀλίγα.
1190 2757 1339 2822 ergo
1387 2756 1462 2803 ea
1505 2737 1908 2821 potissimum
1955 2757 1992 2804 a
2027 2739 2373 2804 Plutarcho
2397 2739 2659 2821 adparet

585 2842 823 2908 omissa
867 2860 1026 2921 esse,
1072 2842 1302 2925 quibus
1347 2843 1535 2908 laude
1581 2844 1940 2926 honoreque
1986 2842 2174 2909 adfici
2214 2843 2442 2908 Timon
2485 2843 2659 2908 visus

585 2950 770 3013 esset.
873 2966 1096 3012 verum
1159 2946 1318 3012 haec
1384 2947 1522 3030 ipsa
1589 2947 1950 3020 necessaria
2015 2949 2166 3012 sunt
2246 2947 2327 3011 ad
2394 2937 2661 3011 Luciani

584 3051 911 3135 dialogum
964 3099 987 3127 ,
1007 3048 1238 3135 Τίμων
1288 3048 1335 3132 ἢ
1395 3044 1908 3135 μισάνθρωπος(
1966 3050 2127 3116 bene
2196 3051 2657 3133 explicandum,

583 3174 705 3239 quo
782 3158 918 3220 toto
987 3154 1218 3219 Timon
1297 3154 1549 3237 magnis
1630 3154 1927 3220 laudibus
1995 3154 2367 3221 celebratur.
2455 3156 2708 3221 tacuit·

583 3261 800 3324 autem
820 3258 1205 3323 Plutarchus
1251 3259 1328 3323 de
1351 3258 1735 3341 Antiphanis
1775 3259 2102 3325 comoedia
2124 3308 2146 3336 ,
2165 3257 2447 3343 Τίμων,
2497 3278 2657 3342 quae

582 3361 708 3447 (uti
734 3361 924 3426 'recte
966 3361 1323 3427 Meinekius
1369 3362 1436 3428 in
1481 3363 1652 3429 Hist.
1699 3362 1871 3431 Gom.
1916 3384 1976 3447 p.
2024 3364 2183 3448 327)
2226 3363 2306 3429 ab
2330 3364 2659 3430 hominum

583 3484 763 3532 osore
807 3483 1039 3532 nomen
1083 3471 1432 3550 acceperat.
1523 3486 1717 3550 quam
1772 3468 2060 3534 fabulam
2120 3468 2394 3534 conlatis
2448 3467 2658 3536 titulis

580 3570 1005 3635 Mnesimachi
1066 3573 1131 3635 et
1186 3570 1524 3637 Menandri
1578 3567 1972 3650 ,Acanoaog‘
2031 3591 2147 3657 ego
2205 3572 2476 3656 conjicio
2529 3592 2658 3640 non

581 3674 818 3758 injuria
863 3674 1052 3740 aliter
1093 3674 1356 3741 inscribi
1396 3677 1682 3759 potuisse
1726 3672 2087 3755 ,Δύσκολος
2127 3681 2413 3764 γαμῶν,
2464 3697 2658 3760 quum

582 3778 856 3861 nuptiali
901 3796 1133 3844 coenae
1177 3779 1283 3845 hic
1326 3797 1546 3846 versus
1592 3781 1962 3847 testimonio
2008 3782 2093 3847 sit
2136 3799 2232 3864 ap.
2276 3778 2512 3847 Athen.
2536 3781 2658 3847 VH

581 3901 642 3965 p.
689 3881 838 3961 309,
886 3882 957 3947 d:
1005 3877 1424 3970 ’Λντιφάνης
1469 3881 1528 3949 δ’
1581 3887 1653 3949 ἐν
1709 3883 1964 3970 Τίμωνι
2018 3922 2107 3934 -
2158 3883 2321 3968 ,ἥκω
2380 3886 2659 3951 πολυτε-

492 4041 493 4044 ,
581 3981 704 4060 Mic
771 3980 1103 4072 ἀγοράσας
1165 3988 1256 4061 εἷς
1319 3984 1475 4062 τούς
1537 3984 1848 4075 γάμους’.
1964 3990 2056 4055 ita
2111 3990 2372 4074 juvenis
2450 3990 2655 4074 prisco

584 4089 838 4156 Timoni
893 4090 1208 4156 simillimi
1264 4092 1563 4159 tristities
1622 4092 1873 4159 videtur
1927 4094 2134 4160 derisa
2178 4093 2399 4164 fuisse.
2489 4095 2659 4179 quod

581 4194 783 4280 igitur
823 4194 1182 4261 Meinekius
1225 4195 1267 4262 1.
1311 4196 1356 4263 L
1401 4216 1460 4281 p.
1505 4196 1633 4263 328
1692 4196 2081 4284 Antiphanis
2139 4198 2515 4290 ‚Timonem‘
2573 4200 2656 4265 ab

542 4299 862 4366 *Luciano
942 4298 1012 4365 in
1077 4287 1386 4379 ‚Timone‘
1466 4320 1825 4402 expressam
1892 4321 2031 4369 esse
2095 4303 2319 4397 voluit,
2398 4303 2657 4372 concedi
