3099 5241
589 447 671 512 72
1401 449 1860 502 AOYKIANom

587 622 855 705 ἰαμβεῖα
916 658 998 670 —-
1059 620 1163 685 καὶ
1223 619 1430 696 ἔτεκες
1493 619 1665 699 τότε,
1743 618 1789 686 ὦ
1849 620 2168 706 Τειρεσία,
2243 619 2446 688 bno-ts
2504 618 2665 709 γυνὴ

582 719 794 809 ἦσθα,
844 722 887 808 ἢ
935 737 1151 808 στεῖρα
1196 727 1301 791 καὶ
1349 724 1589 813 ἄγονος
1636 722 1991 801 διετέλεσας
2038 732 2108 792 ἐν
2145 726 2358 813 ἐκείνῳ
2392 733 2477 804 τῷ
2508 726 2668 813 βίῳ,

598 831 847 897 ΤΕῙΡ.
919 830 984 895 τί
1025 839 1245 909 τοῦτο,
1298 824 1345 895 ὦ
1394 833 1730 907 Μένιππε,
1782 836 2056 916 {pontis-3
2108 831 2394 923 ‘MEN.
2476 827 2667 895 οὐδὲν

583 933 886 1023 χαλεπὸν,
950 929 997 1000 ὦ
1055 935 1392 1019 Τειρεσία·
1464 932 1640 1019 πλήν
1703 932 2071 1019 ἀπόκριναι,
2142 938 2204 1000 εἴ
2254 959 2355 1000 σοι
2413 933 2658 1021 ῥᾴδιον.

596 1041 847 1106 ΤΕῙΡ.
943 1037 1017 1103 οὐ
1092 1052 1305 1123 στεῖρα
1373 1043 1501 1124 μὲν
1567 1037 1787 1123 ἥμην,
1863 1039 1981 1105 οὐκ
2047 1039 2269 1105 ἔτεκον
2337 1037 2395 1104 ‹5’
2464 1040 2658 1124 ὅμως.
2752 1094 2773 1119 ,

586 1144 832 1210 ΜΕΝ.
929 1141 1153 1209 ἱκανὸν
1198 1151 1392 1208 τοῦτο
1421 1165 1435 1181 ·
1501 1148 1560 1209 εἰ
1599 1141 1723 1231 γὰρ
1768 1145 1872 1208 καὶ
1918 1143 2186 1230 μήτραν
2232 1143 2410 1231 εἶχες,
2480 1145 2666 1230 ἐβου-

582 1247 801 1334 λόμην
847 1248 1105 1314 εἰδέναι.
1213 1249 1463 1316 ΤΕΙΡ.
1553 1247 1726 1336 εἶχον
1771 1247 2046 1332 δηλαδή.
2146 1251 2389 1315 MEN.
2464 1245 2661 1336 χρόνῳ

585 1353 654 1418 δέ
703 1377 803 1418 σοι
847 1350 887 1436 ἡ
936 1350 1157 1437 μήτρα
1202 1350 1548 1437 ἠφανίσθη
1611 1352 1715 1416 καὶ
1770 1350 1845 1417 τὸ
1892 1351 2134 1437 μόριον
2176 1352 2251 1418 ‘to
2296 1365 2658 1441 γυναικεῖον

584 1455 928 1544 ἀπεφράγη
976 1459 1081 1521 καὶ
1129 1462 1189 1522 οἱ
1232 1458 1475 1540 μαστοὶ
1513 1453 2074 1542 συνεσήάσθησαν
2112 1458 2217 1522 καὶ
2250 1457 2325 1524 τὸ
2364 1456 2661 1542 ἀνδρεῖον

584 1561 793 1644 ἀνέφυ
830 1562 933 1625 καὶ
967 1560 1247 1645 πώγωνα
1284 1558 1645 1648 ἐξήνεγκας,
1696 1562 1738 1646 ἢ
1786 1559 2010 1628 αὐτίκα
2059 1567 2124 1627 ἐκ
2160 1560 2464 1650 γυναικὸς
2498 1558 2660 1647 ἆνῆρ

586 1664 960 1767 ᾇνεφάνηςς
1061 1667 1311 1734 ΤΕΙΡ.
1409 1665 1521 1765 ὁᾷχ
1569 1666 1720 1751 ὁρῶ,
1785 1668 1848 1733 τί
1895 1692 1996 1733 σοι
2038 1664 2344 1752 βούλεται
2387 1665 2466 1733 τὸ
2513 1665 2665 1751 ἐρώ-

582 1792 804 1856 τημα·
878 1770 1085 1845 δοκεῖς
1153 1769 1217 1835 δ’
1292 1766 1411 1836 οὖν
1474 1796 1596 1856 μοι
1662 1770 1994 1851 ἀπιστεῖν,
2069 1776 2128 1838 εἰ
2188 1771 2392 1838 ταῦθ’
2468 1773 2665 1845 οὕτως
2759 1767 2775 1780 “

584 2016 778 2070 ducem
813 2031 976 2069 suum
1009 2014 1101 2068 hio
1138 2013 1292 2083 sequi
1330 2014 1615 2069 dubitavit.
1690 2016 1832 2084 quod.
1867 2018 2046 2070 autem
2093 2017 2277 2070 contra
2323 2015 2490 2070 libros
2539 2014 2664 2069 τότε

584 2104 778 2172 scripsi
814 2119 908 2172 pro
933 2107 1088 2166 ποτέ,
1111 2102 1231 2156 ·feoi
1266 2102 1323 2155 id
1358 2102 1537 2170 ipsius
1563 2102 1791 2157 Luoiani
1820 2103 1997 2172 jussu,
2037 2103 2131 2173 qui
2167 2119 2295 2157 mox
2325 2119 2371 2157 c.
2396 2108 2431 2160 3
2465 2101 2663 2171 pergit:

583 2191 753 2245 ὁπότε
800 2192 930 2262 γυνὴ
983 2181 1156 2258 ἦσθα,
1212 2198 1302 2242 καὶ
1353 2189 1656 2257 ἐμαντεύου
1706 2189 1831 2244 τότε
1882 2211 1981 2259 -;
2176 2183 2354 2259 ἦσθα]
2407 2189 2578 2243 οἶσθα
2620 2189 2664 2244 O

581 2278 684 2350 (ita
725 2278 811 2346 Ο).
987 2280 1061 2344 τῷ
1107 2271 1233 2348 βίῳ]
1282 2277 1412 2331 haee
1462 2293 1548 2330 om
1599 2277 1718 2335 4⁵21,
1914 2278 2092 2347 Τειρ.]
2143 2293 2421 2346 personam
2467 2293 2555 2331 om
2592 2281 2659 2329 Φ.

755 2366 951 2427 τοῦτο,
1012 2356 1056 2417 ὦ
1111 2370 1369 2418 Μένιππε
1415 2364 1580 2441 φὲῑΩ
1632 2368 1687 2419 et
1739 2382 1792 2432 V,
1847 2366 2012 2418 τοῦτο
2053 2369 2292 2432 μένιππε
2348 2363 2465 2432 ΒΟ,
2524 2363 2664 2432 quod
2762 2354 2781 2375 ⁰

579 2454 803 2508 minime
840 2452 1169 2521 probandum
1212 2452 1338 2505 erat.
1411 2468 1716 2521 quanquam
1763 2452 1866 2506 hoe
1914 2450 2119 2505 indicio
2168 2454 2334 2504 τοῦτο
2384 2451 2562 2520 potest
2606 2449 2665 2503 in

580 2541 733 2595 τοῦτ’
782 2539 1006 2594 mutari:
1055 2538 1198 2592 τοῦτ’
1254 2531 1298 2591 ὦ
1342 2543 1619 2592 Μένιππε.
1844 2538 2166 2607 ἀπόκριναι]
2226 2538 2491 2609 ἀπόκρινε
2532 2546 2578 2592 Δ
2612 2539 2665 2590 et

581 2631 747 2686 schol.
944 2628 1006 2681 οὗ
1059 2631 1250 2695 στεῖρα
1302 2624 1428 2700 μὲν]
1479 2627 1541 2679 ου’
1597 2629 1709 2696 μὴν
1757 2632 1947 2697 στεῖρα
1997 2628 2098 2694 μὲν
2148 2631 2217 2679 Φ.
2419 2624 2478 2680 δὲ
2529 2624 2667 2682 ὅλως

579 2718 681 2773 ΒΘ
717 2717 819 2790 (ita
859 2718 945 2786 Ο),
998 2714 1048 2768 δ’
1093 2714 1230 2772 ὅλως
1265 2714 1477 2782 V'PDU‚
1527 2715 1622 2768 sed
1674 2713 1726 2768 δ’
1770 2714 1918 2782 ὅμως
1965 2714 2064 2773 2152
2099 2716 2154 2768 et
2188 2732 2241 2783 v,
2295 2713 2353 2769 δὲ
2406 2712 2556 2780 ὅμως
2591 2718 2658 2766 Φ.

578 2807 778 2859 frustra
823 2803 1271 2857 Hemsterhusius
1327 2804 1554 2871 caverat,
1606 2819 1674 2856 ne
1729 2803 1855 2871 quis
1908 2803 1974 2856 ad.
2026 2802 2270 2870 ineptum
2323 2800 2474 2855 istud.
2527 2799 2665 2857 ὅλως

578 2893 857 2947 aberraret.
1037 2887 1251 2959 ἰκανὸν]
1301 2888 1492 2943 ἱκανὸν
1542 2888 1601 2943 δὲ
1648 2890 1712 2948 ἳῐ.
1891 2886 1946 2943 εἰ
1973 2889 2079 2960 γὰρ
2119 2890 2233 2958 καὶ]
2287 2891 2428 2959 εἴγε
2467 2895 2559 2941 καὶ
2595 2881 2658 2942 2.

718 2978 960 3049 μήτραν]
996 2981 1200 3047 μίτραν
1235 2976 1335 3032 ΒΟ
1372 2977 1465 3045 (ita
1506 2975 1593 3048 Ο).
1761 2973 1987 3031 εἰδέναι.
2033 2983 2186 3047 Tap.
2224 2975 2390 3045 εἶχον]
2431 2971 2657 3029 εἰδέναι.

579 3074 671 3120 καὶ
737 3066 883 3134 εἶχον
939 3071 1008 3118 Φ.
1222 3064 1432 3133 μήτρα]
1491 3069 1663 3133 μίτρα
1720 3064 1833 3118 ΒΟ.
2051 3058 2276 3136 μόριον]
2331 3062 2541 3131 χώρισν
2587 3067 2656 3126 Φ,

575 3153 771 3221 χόριον
822 3151 873 3209 21
925 3153 980 3205 et
1042 3168 1107 3223 pr
1170 3155 1236 3204 Ω.
1452 3160 1657 3219 μαστοὶ
1725 3157 1804 3213 Φ,
1876 3155 2092 3218 μασθοὶ
2162 3150 2358 3206 caeteri
2423 3150 2551 3205 libri
2610 3152 2665 3204 et

577 3240 696 3294 edd.
751 3241 872 3293 ante
926 3238 1270 3293 Jacobitium.
1463 3236 1911 3304 ἀπεσπάσθησαν
1957 3237 2079 3306 ΒΜ,
2137 3239 2543 3303 «ἐπεστάθησαν
2596 3237 2660 3306 21,

579 3326 970 3394 ἀπεπάτησαν
1018 3333 1082 3389 Δ,
1138 3325 1507 3392 ἀπετάθησαν
1553 3326 1709 3378 D‘DO
1759 3323 1858 3395 (ita
1909 3324 1977 3395 0)
2037 3327 2092 3379 et
2144 3327 2262 3380 edd.
2309 3327 2441 3381 vett.
2524 3315 2660 3380 mule

578 3431 750 3483 nuper
799 3415 1011 3483 recepta
1056 3415 1141 3467 est
1185 3413 1446 3468 librorum
1493 3413 1600 3467 ΒΜ
1633 3413 1796 3468 leetio
1841 3412 1999 3482 falsa,
2051 3429 2185 3482 quae
2232 3430 2358 3468 eum
2392 3432 2445 3468 v.
2482 3414 2658 3482 χρόνῳ

578 3504 756 3572 aperte
792 3502 993 3571 pugnat
1026 3503 1082 3555 et
1115 3518 1208 3569 pro
1244 3501 1344 3555 hae
1374 3517 1505 3555 voce
1533 3498 1723 3574 ‘potius
1762 3500 1954 3554 αὐτίκα
1990 3501 2300 3570 requireret.
2361 3503 2458 3556 sed.
2495 3517 2660 3571 quum

581 3589 757 3643 ἀπε-
796 3606 826 3643 e
862 3588 1124 3657 superiori
1165 3588 1461 3666 ᾀπεφράγη
1501 3589 1677 3657 possit
1710 3590 1896 3643 natum
1931 3604 2078 3642 esse:
2116 3606 2214 3658 ego
2250 3590 2469 3643 interim
2508 3610 2658 3661 συνε-

582 3677 806 3746 σπάσθη
817 3698 917 3730 σαν
954 3676 1239 3747 (mamma,
1290 3674 1444 3744 quasi
1490 3675 1626 3729 uber
1672 3675 1964 3730 distentius
2012 3678 2282 3730 eontracta
2327 3675 2452 3746 est‘)
2503 3692 2662 3745 supra

577 3764 753 3834 posui.
842 3764 892 3817 si
945 3765 1123 3816 tamen
1173 3762 1506 3832 reliquorum
1560 3763 1712 3818 oodd.
1765 3763 1902 3818 ratio
1956 3763 2200 3817 ducenda
2263 3766 2373 3832 est,
2439 3763 2661 3818 forsitan

579 3849 959 3918 ἀνεστάλησαν
1014 3850 1090 3921 (h.
1149 3866 1195 3903 e.
1252 3851 1407 3918 ‚retro
1462 3852 1780 3920 cesserunt‘)
1831 3851 2006 3920 possit
2061 3851 2120 3905 in
2171 3853 2407 3905 mentem
2458 3850 2659 3905 venire.

575 3933 1024 3994 Hemsterhusius
1079 3936 1411 4007 Solanusque
1465 3955 1593 3992 oum
1641 3938 1867 3993 Graevio
1923 3938 2169 4005 ἀπετάκη
2180 3960 2280 3992 σαν
2333 3937 2664 4007 seripserunt

576 4027 697 4094 apte
734 4026 801 4080 ad.
837 4025 1172 4080 sententiam.
1245 4027 1484 4079 ceterum
1530 4015 1651 4081 hoe'
1667 4026 1727 4079 in
1761 4025 1797 4080 l.
1833 4026 1973 4080 mihi
2017 4027 2135 4095 ipse
2178 4037 2455 4095 nunquam
2502 4024 2661 4079 satis-

576 4113 698 4181 feci,
744 4113 944 4166 nedum
991 4112 1113 4167 aliis
1148 4129 1293 4166 nune
1330 4111 1535 4181 possim
1572 4113 1892 4167 satisfacere.
1958 4112 2232 4183 vulgatam
2267 4130 2393 4167 eum
2430 4112 2662 4166 Gesnero

576 4200 829 4269 probabat
875 4200 1208 4255 Abresohius
1255 4199 1314 4254 in
1360 4199 1507 4253 Leot.
1558 4199 1822 4255 Aristaeo.
1871 4218 1922 4269 p.
1963 4205 2081 4259 154.
2279 4200 2453 4267 ἀνέφυ
2491 4198 2657 4266 Βυὲῐ,

580 4288 791 4357 ἀνεφὺη
849 4292 951 4341 ΦΩ
996 4290 1051 4342 et
1097 4306 1151 4343 v.
1225 4281 1525 4358 ἀνεφάνης]
1578 4287 1788 4357 ἐφάνης
1833 4287 1884 4345 21
1931 4288 2079 4343 solus
2127 4283 2234 4343 non
2281 4287 2433 4342 male.
2609 4290 2666 4340 τι·

580 4376 692 4446 σοι]
744 4374 829 4429 ὅτι
880 4397 970 4430 σοι
1017 4375 1082 4434 21.
1271 4376 1334 4429 τὸ
1387 4374 1673 4444 ἐρώτημα]
1722 4376 1792 4433 τὰ
1846 4375 2179 4445 ἐρωτήματα
2225 4375 2291 4434 91.
2452 4372 2522 4428 ‘B'
2565 4366 2664 4429 οἶν

576 4463 678 4520 ΒΟ
711 4465 766 4517 et
800 4481 853 4533 V,
890 4465 1022 4534 γοῦν
1059 4462 1236 4533 OQM,
1283 4462 1324 4534 γ’
1372 4454 1470 4516 οὖν
1504 4466 1572 4515 Ω.
1754 4459 1827 4533 εἶ]
1879 4464 1950 4522 ὡς
1998 4463 2061 4517 οὖ
2112 4464 2178 4523 Ἠ.
2355 4461 2516 4517 ταῦθ’
2560 4462 2663 4521 4⁵21
