<?xml version="1.0" encoding="UTF-8"?>
<!DOCTYPE html PUBLIC "-//W3C//DTD XHTML 1.0 Transitional//EN"
    "http://www.w3.org/TR/xhtml1/DTD/xhtml1-transitional.dtd">
<html xmlns="http://www.w3.org/1999/xhtml" xml:lang="en" lang="en">
 <head>
  <title>
</title>
<meta http-equiv="Content-Type" content="text/html;charset=utf-8" />
  <meta name='ocr-system' content='tesseract 3.04.00' />
  <meta name='ocr-capabilities' content='ocr_page ocr_carea ocr_par ocr_line ocrx_word'/>
</head>
<body>
  <div class='ocr_page' id='page_1' title='image "./lucianussamosat01fritgoog_0383.png"; bbox 0 0 3099 5241; ppageno 0'>
   <div class='ocr_carea' id='block_1_1' title="bbox 1315 446 2603 521">
    <p class='ocr_par' dir='ltr' id='par_1_1' title="bbox 1315 446 2603 521">
     <span class='ocr_line' id='line_1_1' title="bbox 1315 446 2603 521; baseline 0.001 -12"><span class='ocrx_word' id='word_1_1' title='bbox 1315 454 1816 510; x_wconf 73' lang='lat' dir='ltr'>PEDESTRIBUS.</span> <span class='ocrx_word' id='word_1_2' title='bbox 2090 502 2095 506; x_wconf 89' lang='lat'>.</span> <span class='ocrx_word' id='word_1_3' title='bbox 2161 500 2165 504; x_wconf 92' lang='lat'>.</span> <span class='ocrx_word' id='word_1_4' title='bbox 2372 517 2377 521; x_wconf 22' lang='lat'><strong>¹</strong></span> <span class='ocrx_word' id='word_1_5' title='bbox 2416 446 2435 508; x_wconf 70' lang='grc'>’.</span> <span class='ocrx_word' id='word_1_6' title='bbox 2484 456 2603 510; x_wconf 74' lang='lat' dir='ltr'>CV</span> 
     </span>
    </p>
   </div>
   <div class='ocr_carea' id='block_1_2' title="bbox 519 631 2695 715">
    <p class='ocr_par' dir='ltr' id='par_1_2' title="bbox 519 631 2695 715">
     <span class='ocr_line' id='line_1_2' title="bbox 519 631 2695 715; baseline 0 -20"><span class='ocrx_word' id='word_1_7' title='bbox 519 651 650 715; x_wconf 91' lang='lat' dir='ltr'>quo</span> <span class='ocrx_word' id='word_1_8' title='bbox 718 632 775 695; x_wconf 88' lang='lat' dir='ltr'>si</span> <span class='ocrx_word' id='word_1_9' title='bbox 840 631 1107 696; x_wconf 88' lang='lat' dir='ltr'>modum</span> <span class='ocrx_word' id='word_1_10' title='bbox 1161 633 1540 715; x_wconf 87' lang='lat' dir='ltr'>tenuissent,</span> <span class='ocrx_word' id='word_1_11' title='bbox 1609 651 1738 696; x_wconf 93' lang='lat' dir='ltr'>non</span> <span class='ocrx_word' id='word_1_12' title='bbox 1799 638 2016 696; x_wconf 89' lang='lat' dir='ltr'>essent</span> <span class='ocrx_word' id='word_1_13' title='bbox 2075 631 2422 696; x_wconf 88' lang='lat' dir='ltr'>deridendi.</span> <span class='ocrx_word' id='word_1_14' title='bbox 2514 633 2604 696; x_wconf 88' lang='lat' dir='ltr'>At</span> <span class='ocrx_word' id='word_1_15' title='bbox 2692 634 2695 635; x_wconf 36' lang='lat'><em>*</em></span> 
     </span>
    </p>
   </div>
   <div class='ocr_carea' id='block_1_3' title="bbox 512 735 2607 4483">
    <p class='ocr_par' dir='ltr' id='par_1_3' title="bbox 512 735 2607 4483">
     <span class='ocr_line' id='line_1_3' title="bbox 512 735 2599 820; baseline -0.001 -20"><span class='ocrx_word' id='word_1_16' title='bbox 512 737 623 800; x_wconf 82' lang='lat' dir='ltr'>isti</span> <span class='ocrx_word' id='word_1_17' title='bbox 667 756 1084 801; x_wconf 88' lang='lat' dir='ltr'>numerorum</span> <span class='ocrx_word' id='word_1_18' title='bbox 1130 755 1326 801; x_wconf 86' lang='lat' dir='ltr'>causa</span> <span class='ocrx_word' id='word_1_19' title='bbox 1364 736 1560 800; x_wconf 80' lang='lat' dir='ltr'>verba</span> <span class='ocrx_word' id='word_1_20' title='bbox 1602 735 2016 800; x_wconf 75' lang='lat' dir='ltr'>inculcabant</span> <span class='ocrx_word' id='word_1_21' title='bbox 2055 755 2318 820; x_wconf 88' lang='lat' dir='ltr'>prorsus</span> <span class='ocrx_word' id='word_1_22' title='bbox 2361 737 2599 800; x_wconf 89' lang='lat' dir='ltr'>inania.</span> 
     </span>
     <span class='ocr_line' id='line_1_4' title="bbox 516 839 2602 925; baseline -0.001 -21"><span class='ocrx_word' id='word_1_23' title='bbox 516 840 712 905; x_wconf 82' lang='lat' dir='ltr'>Recte</span> <span class='ocrx_word' id='word_1_24' title='bbox 783 839 1000 904; x_wconf 78' lang='lat' dir='ltr'>Theon</span> <span class='ocrx_word' id='word_1_25' title='bbox 1074 842 1144 904; x_wconf 90' lang='lat' dir='ltr'>in</span> <span class='ocrx_word' id='word_1_26' title='bbox 1218 841 1706 925; x_wconf 82' lang='lat' dir='ltr'>Progymnasm.</span> <span class='ocrx_word' id='word_1_27' title='bbox 1779 840 1834 921; x_wconf 93' lang='lat' dir='ltr'>(I</span> <span class='ocrx_word' id='word_1_28' title='bbox 1903 860 1964 924; x_wconf 90' lang='lat' dir='ltr'>p.</span> <span class='ocrx_word' id='word_1_29' title='bbox 2026 841 2151 906; x_wconf 84' lang='lat'>169</span> <span class='ocrx_word' id='word_1_30' title='bbox 2220 840 2314 904; x_wconf 91' lang='lat' dir='ltr'>ed.</span> <span class='ocrx_word' id='word_1_31' title='bbox 2374 840 2602 921; x_wconf 85' lang='lat' dir='ltr'>W‘alz.)</span> 
     </span>
     <span class='ocr_line' id='line_1_5' title="bbox 516 929 2599 1029; baseline 0 -22"><span class='ocrx_word' id='word_1_32' title='bbox 516 945 888 1029; x_wconf 79' lang='lat' dir='ltr'><strong>fugiendam</strong></span> <span class='ocrx_word' id='word_1_33' title='bbox 934 965 1076 1009; x_wconf 87' lang='lat' dir='ltr'>esse</span> <span class='ocrx_word' id='word_1_34' title='bbox 1122 946 1305 1010; x_wconf 85' lang='lat' dir='ltr'>docet</span> <span class='ocrx_word' id='word_1_35' title='bbox 1346 942 1466 1025; x_wconf 60' lang='grc' dir='ltr'>τήν</span> <span class='ocrx_word' id='word_1_36' title='bbox 1513 941 1848 1027; x_wconf 68' lang='grc' dir='ltr'>ἔμμετρον</span> <span class='ocrx_word' id='word_1_37' title='bbox 1892 944 1996 1006; x_wconf 75' lang='grc' dir='ltr'>καὶ</span> <span class='ocrx_word' id='word_1_38' title='bbox 2041 929 2384 1027; x_wconf 52' lang='lat' dir='ltr'>{mnenon</span> <span class='ocrx_word' id='word_1_39' title='bbox 2415 943 2599 1019; x_wconf 70' lang='grc' dir='ltr'>λέξιν,</span> 
     </span>
     <span class='ocr_line' id='line_1_6' title="bbox 519 1034 2602 1133; baseline 0.001 -23"><span class='ocrx_word' id='word_1_40' title='bbox 519 1045 599 1119; x_wconf 66' lang='grc' dir='ltr'>ὡς</span> <span class='ocrx_word' id='word_1_41' title='bbox 645 1043 728 1112; x_wconf 72' lang='grc' dir='ltr'>τὰ</span> <span class='ocrx_word' id='word_1_42' title='bbox 774 1046 980 1110; x_wconf 68' lang='grc' dir='ltr'><strong><em>πολλοὶ</em></strong></span> <span class='ocrx_word' id='word_1_43' title='bbox 1028 1055 1160 1112; x_wconf 73' lang='grc' dir='ltr'>τοῖν</span> <span class='ocrx_word' id='word_1_44' title='bbox 1192 1045 1521 1133; x_wconf 62' lang='grc' dir='ltr'>ιΗγηοιόυ</span> <span class='ocrx_word' id='word_1_45' title='bbox 1566 1086 1667 1111; x_wconf 90' lang='lat'>--.</span> <span class='ocrx_word' id='word_1_46' title='bbox 1758 1048 1857 1113; x_wconf 89' lang='lat' dir='ltr'>Ita</span> <span class='ocrx_word' id='word_1_47' title='bbox 1900 1034 2217 1133; x_wconf 84' lang='lat' dir='ltr'>Hegesias</span> <span class='ocrx_word' id='word_1_48' title='bbox 2263 1049 2602 1133; x_wconf 86' lang='lat' dir='ltr'>oppositus</span> 
     </span>
     <span class='ocr_line' id='line_1_7' title="bbox 517 1152 2603 1237; baseline 0 -21"><span class='ocrx_word' id='word_1_49' title='bbox 517 1157 649 1216; x_wconf 84' lang='lat' dir='ltr'>erat</span> <span class='ocrx_word' id='word_1_50' title='bbox 677 1153 1166 1234; x_wconf 79' lang='lat' dir='ltr'>ThrasymachO,</span> <span class='ocrx_word' id='word_1_51' title='bbox 1212 1154 1320 1217; x_wconf 91' lang='lat' dir='ltr'>cui</span> <span class='ocrx_word' id='word_1_52' title='bbox 1366 1154 1595 1217; x_wconf 88' lang='lat' dir='ltr'>similis</span> <span class='ocrx_word' id='word_1_53' title='bbox 1640 1153 1843 1218; x_wconf 86' lang='lat' dir='ltr'>videri</span> <span class='ocrx_word' id='word_1_54' title='bbox 1888 1157 2135 1237; x_wconf 87' lang='lat' dir='ltr'>poterat</span> <span class='ocrx_word' id='word_1_55' title='bbox 2176 1152 2603 1236; x_wconf 81' lang='lat' dir='ltr'>infringendis</span> 
     </span>
     <span class='ocr_line' id='line_1_8' title="bbox 518 1256 2604 1342; baseline 0 -23"><span class='ocrx_word' id='word_1_56' title='bbox 518 1257 1060 1342; x_wconf 82' lang='lat' dir='ltr'>concidendisque</span> <span class='ocrx_word' id='word_1_57' title='bbox 1138 1259 1427 1322; x_wconf 90' lang='lat' dir='ltr'>numeris</span> <span class='ocrx_word' id='word_1_58' title='bbox 1506 1264 1570 1322; x_wconf 93' lang='lat' dir='ltr'>et</span> <span class='ocrx_word' id='word_1_59' title='bbox 1649 1262 1777 1321; x_wconf 90' lang='lat' dir='ltr'>toto</span> <span class='ocrx_word' id='word_1_60' title='bbox 1843 1277 2076 1341; x_wconf 86' lang='lat' dir='ltr'>genere</span> <span class='ocrx_word' id='word_1_61' title='bbox 2140 1256 2604 1321; x_wconf 85' lang='lat' dir='ltr'>versiculorum</span> 
     </span>
     <span class='ocr_line' id='line_1_9' title="bbox 519 1360 2604 1445; baseline 0 -20"><span class='ocrx_word' id='word_1_62' title='bbox 519 1361 843 1426; x_wconf 87' lang='lat' dir='ltr'>simillimo</span> <span class='ocrx_word' id='word_1_63' title='bbox 918 1361 1073 1445; x_wconf 83' lang='lat' dir='ltr'>(Cic.</span> <span class='ocrx_word' id='word_1_64' title='bbox 1150 1363 1219 1425; x_wconf 90' lang='lat' dir='ltr'>in</span> <span class='ocrx_word' id='word_1_65' title='bbox 1290 1361 1552 1426; x_wconf 82' lang='lat' dir='ltr'>Oratore</span> <span class='ocrx_word' id='word_1_66' title='bbox 1627 1380 1680 1424; x_wconf 94' lang='lat' dir='ltr'>c.</span> <span class='ocrx_word' id='word_1_67' title='bbox 1738 1362 1863 1442; x_wconf 84' lang='lat'>69).</span> <span class='ocrx_word' id='word_1_68' title='bbox 1980 1361 2106 1426; x_wconf 85' lang='lat' dir='ltr'>Sed</span> <span class='ocrx_word' id='word_1_69' title='bbox 2177 1360 2604 1425; x_wconf 84' lang='lat' dir='ltr'>intolerabiles</span> 
     </span>
     <span class='ocr_line' id='line_1_10' title="bbox 516 1460 2600 1550; baseline -0.001 -22"><span class='ocrx_word' id='word_1_70' title='bbox 516 1465 716 1530; x_wconf 89' lang='lat' dir='ltr'>fuisse</span> <span class='ocrx_word' id='word_1_71' title='bbox 782 1485 1084 1531; x_wconf 88' lang='lat' dir='ltr'>numeros</span> <span class='ocrx_word' id='word_1_72' title='bbox 1151 1466 1470 1549; x_wconf 84' lang='lat' dir='ltr'>Hegesiae</span> <span class='ocrx_word' id='word_1_73' title='bbox 1535 1465 1893 1547; x_wconf 85' lang='lat' dir='ltr'>Dionysius</span> <span class='ocrx_word' id='word_1_74' title='bbox 1960 1465 2058 1529; x_wconf 89' lang='lat' dir='ltr'>De</span> <span class='ocrx_word' id='word_1_75' title='bbox 2125 1465 2343 1550; x_wconf 84' lang='lat' dir='ltr'>Oomp.</span> <span class='ocrx_word' id='word_1_76' title='bbox 2405 1460 2600 1529; x_wconf 87' lang='lat' dir='ltr'>Verb.</span> 
     </span>
     <span class='ocr_line' id='line_1_11' title="bbox 517 1569 2604 1655; baseline 0 -23"><span class='ocrx_word' id='word_1_77' title='bbox 517 1591 577 1654; x_wconf 91' lang='lat' dir='ltr'>p.</span> <span class='ocrx_word' id='word_1_78' title='bbox 653 1570 784 1636; x_wconf 81' lang='lat'>250</span> <span class='ocrx_word' id='word_1_79' title='bbox 857 1570 954 1635; x_wconf 91' lang='lat' dir='ltr'>ed.</span> <span class='ocrx_word' id='word_1_80' title='bbox 1025 1570 1170 1634; x_wconf 83' lang='lat' dir='ltr'>Sch.</span> <span class='ocrx_word' id='word_1_81' title='bbox 1247 1570 1542 1655; x_wconf 87' lang='lat' dir='ltr'>exemplo</span> <span class='ocrx_word' id='word_1_82' title='bbox 1618 1570 1895 1634; x_wconf 85' lang='lat' dir='ltr'>ostendit</span> <span class='ocrx_word' id='word_1_83' title='bbox 1967 1570 2314 1634; x_wconf 67' lang='lat' dir='ltr'>luculento</span> <span class='ocrx_word' id='word_1_84' title='bbox 2441 1569 2604 1633; x_wconf 84' lang='lat' dir='ltr'>Tum</span> 
     </span>
     <span class='ocr_line' id='line_1_12' title="bbox 517 1676 2603 1759; baseline 0 -22"><span class='ocrx_word' id='word_1_85' title='bbox 517 1676 953 1758; x_wconf 84' lang='lat' dir='ltr'>pronuntiatio</span> <span class='ocrx_word' id='word_1_86' title='bbox 1048 1694 1309 1759; x_wconf 89' lang='lat' dir='ltr'>quoque</span> <span class='ocrx_word' id='word_1_87' title='bbox 1381 1676 1816 1740; x_wconf 83' lang='lat' dir='ltr'>Asiaticorum</span> <span class='ocrx_word' id='word_1_88' title='bbox 1891 1695 2042 1738; x_wconf 90' lang='lat' dir='ltr'>cum</span> <span class='ocrx_word' id='word_1_89' title='bbox 2114 1695 2308 1759; x_wconf 81' lang='lat' dir='ltr'>pravo</span> <span class='ocrx_word' id='word_1_90' title='bbox 2382 1694 2603 1738; x_wconf 91' lang='lat' dir='ltr'>eorum</span> 
     </span>
     <span class='ocr_line' id='line_1_13' title="bbox 518 1779 2604 1845; baseline 0.001 -3"><span class='ocrx_word' id='word_1_91' title='bbox 518 1798 785 1843; x_wconf 88' lang='lat' dir='ltr'>numero</span> <span class='ocrx_word' id='word_1_92' title='bbox 842 1780 1151 1844; x_wconf 85' lang='lat' dir='ltr'>cohaeret.</span> <span class='ocrx_word' id='word_1_93' title='bbox 1245 1779 1484 1845; x_wconf 86' lang='lat' dir='ltr'>Canere</span> <span class='ocrx_word' id='word_1_94' title='bbox 1544 1782 1720 1844; x_wconf 89' lang='lat' dir='ltr'>enim</span> <span class='ocrx_word' id='word_1_95' title='bbox 1780 1784 1842 1844; x_wconf 91' lang='lat' dir='ltr'>et</span> <span class='ocrx_word' id='word_1_96' title='bbox 1895 1779 2201 1844; x_wconf 86' lang='lat' dir='ltr'>inclinata</span> <span class='ocrx_word' id='word_1_97' title='bbox 2245 1798 2403 1843; x_wconf 87' lang='lat' dir='ltr'>voce</span> <span class='ocrx_word' id='word_1_98' title='bbox 2459 1781 2604 1844; x_wconf 89' lang='lat' dir='ltr'>ulu-</span> 
     </span>
     <span class='ocr_line' id='line_1_14' title="bbox 517 1883 2603 1968; baseline 0 -22"><span class='ocrx_word' id='word_1_99' title='bbox 517 1883 809 1966; x_wconf 90' lang='lat' dir='ltr'>lantique</span> <span class='ocrx_word' id='word_1_100' title='bbox 874 1903 1100 1948; x_wconf 91' lang='lat' dir='ltr'>canere</span> <span class='ocrx_word' id='word_1_101' title='bbox 1168 1883 1491 1967; x_wconf 87' lang='lat' dir='ltr'>solebant,</span> <span class='ocrx_word' id='word_1_102' title='bbox 1561 1906 1754 1968; x_wconf 88' lang='lat' dir='ltr'>quam</span> <span class='ocrx_word' id='word_1_103' title='bbox 1822 1886 2298 1968; x_wconf 86' lang='lat' dir='ltr'>perversitatem</span> <span class='ocrx_word' id='word_1_104' title='bbox 2355 1883 2603 1948; x_wconf 78' lang='lat' dir='ltr'>Tullius</span> 
     </span>
     <span class='ocr_line' id='line_1_15' title="bbox 518 1986 2603 2072; baseline 0 -22"><span class='ocrx_word' id='word_1_105' title='bbox 518 1988 589 2051; x_wconf 88' lang='lat' dir='ltr'>in</span> <span class='ocrx_word' id='word_1_106' title='bbox 659 1986 917 2052; x_wconf 88' lang='lat' dir='ltr'>Oratore</span> <span class='ocrx_word' id='word_1_107' title='bbox 986 2008 1038 2051; x_wconf 90' lang='lat' dir='ltr'>c.</span> <span class='ocrx_word' id='word_1_108' title='bbox 1088 1989 1150 2070; x_wconf 85' lang='lat'>8,</span> <span class='ocrx_word' id='word_1_109' title='bbox 1218 1986 1660 2063; x_wconf 81' lang='lat' dir='ltr'>Quintilianus</span> <span class='ocrx_word' id='word_1_110' title='bbox 1725 1989 1850 2072; x_wconf 88' lang='lat' dir='ltr'>XI,</span> <span class='ocrx_word' id='word_1_111' title='bbox 1907 1991 1968 2070; x_wconf 88' lang='lat'>3,</span> <span class='ocrx_word' id='word_1_112' title='bbox 2023 1989 2107 2053; x_wconf 84' lang='lat'>57</span> <span class='ocrx_word' id='word_1_113' title='bbox 2178 1992 2240 2052; x_wconf 88' lang='lat' dir='ltr'>et</span> <span class='ocrx_word' id='word_1_114' title='bbox 2314 1989 2603 2052; x_wconf 90' lang='lat' dir='ltr'>omnium</span> 
     </span>
     <span class='ocr_line' id='line_1_16' title="bbox 520 2091 2599 2177; baseline 0 -23"><span class='ocrx_word' id='word_1_115' title='bbox 520 2092 912 2175; x_wconf 88' lang='lat' dir='ltr'>lepidissime</span> <span class='ocrx_word' id='word_1_116' title='bbox 954 2091 1285 2156; x_wconf 87' lang='lat' dir='ltr'>Lucianus</span> <span class='ocrx_word' id='word_1_117' title='bbox 1332 2095 1402 2157; x_wconf 91' lang='lat' dir='ltr'>in</span> <span class='ocrx_word' id='word_1_118' title='bbox 1447 2093 1630 2159; x_wconf 87' lang='lat' dir='ltr'>Rhet.</span> <span class='ocrx_word' id='word_1_119' title='bbox 1678 2093 1896 2158; x_wconf 89' lang='lat' dir='ltr'>Praec.</span> <span class='ocrx_word' id='word_1_120' title='bbox 1945 2113 1997 2157; x_wconf 95' lang='lat' dir='ltr'>c.</span> <span class='ocrx_word' id='word_1_121' title='bbox 2050 2093 2131 2157; x_wconf 90' lang='grc'>19</span> <span class='ocrx_word' id='word_1_122' title='bbox 2177 2093 2599 2177; x_wconf 86' lang='lat' dir='ltr'>exagitarunt.</span> 
     </span>
     <span class='ocr_line' id='line_1_17' title="bbox 522 2195 2599 2280; baseline 0 -20"><span class='ocrx_word' id='word_1_123' title='bbox 522 2195 909 2280; x_wconf 82' lang='lat' dir='ltr'>Quanquam</span> <span class='ocrx_word' id='word_1_124' title='bbox 974 2202 1238 2280; x_wconf 88' lang='lat' dir='ltr'>natura,</span> <span class='ocrx_word' id='word_1_125' title='bbox 1303 2202 1379 2262; x_wconf 88' lang='lat' dir='ltr'>ut</span> <span class='ocrx_word' id='word_1_126' title='bbox 1440 2201 1611 2263; x_wconf 87' lang='lat' dir='ltr'>recte</span> <span class='ocrx_word' id='word_1_127' title='bbox 1678 2198 1895 2263; x_wconf 86' lang='lat' dir='ltr'>Cicero</span> <span class='ocrx_word' id='word_1_128' title='bbox 1964 2197 2235 2279; x_wconf 90' lang='lat' dir='ltr'>alicubi,</span> <span class='ocrx_word' id='word_1_129' title='bbox 2301 2198 2468 2261; x_wconf 90' lang='lat' dir='ltr'>inest</span> <span class='ocrx_word' id='word_1_130' title='bbox 2532 2197 2599 2260; x_wconf 92' lang='lat' dir='ltr'>in</span> 
     </span>
     <span class='ocr_line' id='line_1_18' title="bbox 520 2300 2605 2387; baseline -0 -23"><span class='ocrx_word' id='word_1_131' title='bbox 520 2302 803 2366; x_wconf 87' lang='lat' dir='ltr'>oratione</span> <span class='ocrx_word' id='word_1_132' title='bbox 859 2321 962 2366; x_wconf 89' lang='lat' dir='ltr'>res</span> <span class='ocrx_word' id='word_1_133' title='bbox 1021 2321 1136 2385; x_wconf 91' lang='lat' dir='ltr'>per</span> <span class='ocrx_word' id='word_1_134' title='bbox 1179 2321 1264 2366; x_wconf 72' lang='lat' dir='ltr'>se</span> <span class='ocrx_word' id='word_1_135' title='bbox 1293 2315 1419 2366; x_wconf 88' lang='lat' dir='ltr'>non</span> <span class='ocrx_word' id='word_1_136' title='bbox 1468 2303 2011 2387; x_wconf 87' lang='lat' dir='ltr'>reprehendenda,</span> <span class='ocrx_word' id='word_1_137' title='bbox 2067 2306 2296 2365; x_wconf 87' lang='lat' dir='ltr'>cantus</span> <span class='ocrx_word' id='word_1_138' title='bbox 2341 2300 2605 2384; x_wconf 88' lang='lat' dir='ltr'>quidam</span> 
     </span>
     <span class='ocr_line' id='line_1_19' title="bbox 520 2405 2604 2490; baseline 0 -22"><span class='ocrx_word' id='word_1_139' title='bbox 520 2405 862 2469; x_wconf 87' lang='lat' dir='ltr'>obscurior.</span> <span class='ocrx_word' id='word_1_140' title='bbox 951 2405 1128 2469; x_wconf 90' lang='lat' dir='ltr'>Hinc</span> <span class='ocrx_word' id='word_1_141' title='bbox 1193 2405 1618 2472; x_wconf 85' lang='lat' dir='ltr'>Philostratus</span> <span class='ocrx_word' id='word_1_142' title='bbox 1682 2409 1753 2471; x_wconf 86' lang='lat' dir='ltr'>in</span> <span class='ocrx_word' id='word_1_143' title='bbox 1799 2407 1929 2470; x_wconf 82' lang='lat' dir='ltr'>vit.</span> <span class='ocrx_word' id='word_1_144' title='bbox 1989 2406 2177 2490; x_wconf 86' lang='lat' dir='ltr'>Soph.</span> <span class='ocrx_word' id='word_1_145' title='bbox 2238 2426 2298 2490; x_wconf 92' lang='lat' dir='ltr'>p.</span> <span class='ocrx_word' id='word_1_146' title='bbox 2346 2406 2474 2471; x_wconf 84' lang='lat'>589</span> <span class='ocrx_word' id='word_1_147' title='bbox 2531 2406 2604 2469; x_wconf 91' lang='lat' dir='ltr'>in</span> 
     </span>
     <span class='ocr_line' id='line_1_20' title="bbox 521 2505 2603 2595; baseline -0 -23"><span class='ocrx_word' id='word_1_148' title='bbox 521 2509 809 2573; x_wconf 84' lang='lat' dir='ltr'>Adria-no</span> <span class='ocrx_word' id='word_1_149' title='bbox 878 2511 1158 2594; x_wconf 80' lang='lat' dir='ltr'>sophista</span> <span class='ocrx_word' id='word_1_150' title='bbox 1223 2511 1511 2575; x_wconf 82' lang='lat' dir='ltr'>laudavit</span> <span class='ocrx_word' id='word_1_151' title='bbox 1577 2507 1730 2582; x_wconf 55' lang='grc' dir='ltr'>τοῖς</span> <span class='ocrx_word' id='word_1_152' title='bbox 1790 2513 1953 2595; x_wconf 68' lang='grc' dir='ltr'>πεζῇ</span> <span class='ocrx_word' id='word_1_153' title='bbox 2007 2535 2077 2573; x_wconf 75' lang='grc' dir='ltr'>τε</span> <span class='ocrx_word' id='word_1_154' title='bbox 2137 2510 2242 2571; x_wconf 77' lang='grc' dir='ltr'>καὶ</span> <span class='ocrx_word' id='word_1_155' title='bbox 2302 2505 2415 2582; x_wconf 73' lang='grc' dir='ltr'>ξῦν</span> <span class='ocrx_word' id='word_1_156' title='bbox 2470 2506 2603 2593; x_wconf 71' lang='grc' dir='ltr'>ᾠδῇ</span> 
     </span>
     <span class='ocr_line' id='line_1_21' title="bbox 519 2609 2604 2701; baseline 0.001 -25"><span class='ocrx_word' id='word_1_157' title='bbox 519 2609 849 2695; x_wconf 65' lang='grc' dir='ltr'>ῥυθμούς.</span> <span class='ocrx_word' id='word_1_158' title='bbox 941 2617 1031 2680; x_wconf 89' lang='lat' dir='ltr'>At</span> <span class='ocrx_word' id='word_1_159' title='bbox 1075 2615 1388 2701; x_wconf 84' lang='lat' dir='ltr'>Hegesias</span> <span class='ocrx_word' id='word_1_160' title='bbox 1446 2637 1579 2680; x_wconf 92' lang='lat' dir='ltr'>non</span> <span class='ocrx_word' id='word_1_161' title='bbox 1638 2618 1854 2681; x_wconf 88' lang='lat' dir='ltr'>minus</span> <span class='ocrx_word' id='word_1_162' title='bbox 1913 2616 2247 2681; x_wconf 89' lang='lat' dir='ltr'>sententiis</span> <span class='ocrx_word' id='word_1_163' title='bbox 2300 2614 2604 2700; x_wconf 87' lang='lat' dir='ltr'>peccabat</span> 
     </span>
     <span class='ocr_line' id='line_1_22' title="bbox 521 2718 2603 2802; baseline 0 -20"><span class='ocrx_word' id='word_1_164' title='bbox 521 2739 719 2802; x_wconf 89' lang='lat' dir='ltr'>quam</span> <span class='ocrx_word' id='word_1_165' title='bbox 772 2718 1006 2800; x_wconf 89' lang='lat' dir='ltr'>verbis,</span> <span class='ocrx_word' id='word_1_166' title='bbox 1064 2727 1137 2784; x_wconf 92' lang='lat' dir='ltr'>ut</span> <span class='ocrx_word' id='word_1_167' title='bbox 1196 2740 1343 2785; x_wconf 91' lang='lat' dir='ltr'>eum</span> <span class='ocrx_word' id='word_1_168' title='bbox 1393 2720 1610 2786; x_wconf 82' lang='lat' dir='ltr'>Cicero</span> <span class='ocrx_word' id='word_1_169' title='bbox 1668 2724 1737 2785; x_wconf 92' lang='lat' dir='ltr'>in</span> <span class='ocrx_word' id='word_1_170' title='bbox 1787 2721 2048 2785; x_wconf 86' lang='lat' dir='ltr'>Oratore</span> <span class='ocrx_word' id='word_1_171' title='bbox 2104 2741 2157 2784; x_wconf 91' lang='lat' dir='ltr'>c.</span> <span class='ocrx_word' id='word_1_172' title='bbox 2207 2721 2288 2784; x_wconf 82' lang='lat'>67</span> <span class='ocrx_word' id='word_1_173' title='bbox 2351 2739 2603 2783; x_wconf 89' lang='lat' dir='ltr'>summo</span> 
     </span>
     <span class='ocr_line' id='line_1_23' title="bbox 514 2823 2605 2909; baseline 0 -23"><span class='ocrx_word' id='word_1_174' title='bbox 514 2824 660 2905; x_wconf 86' lang='lat' dir='ltr'>jure</span> <span class='ocrx_word' id='word_1_175' title='bbox 720 2823 1130 2907; x_wconf 85' lang='lat' dir='ltr'>appellaverit</span> <span class='ocrx_word' id='word_1_176' title='bbox 1185 2826 1497 2909; x_wconf 88' lang='lat' dir='ltr'>ineptum.</span> <span class='ocrx_word' id='word_1_177' title='bbox 1592 2824 1779 2902; x_wconf 81' lang='lat' dir='ltr'>Quod</span> <span class='ocrx_word' id='word_1_178' title='bbox 1838 2826 1918 2890; x_wconf 90' lang='lat' dir='ltr'>ad</span> <span class='ocrx_word' id='word_1_179' title='bbox 1974 2845 2082 2890; x_wconf 88' lang='lat' dir='ltr'>eos</span> <span class='ocrx_word' id='word_1_180' title='bbox 2139 2826 2422 2889; x_wconf 89' lang='lat' dir='ltr'>rhetoras</span> <span class='ocrx_word' id='word_1_181' title='bbox 2467 2824 2605 2888; x_wconf 89' lang='lat' dir='ltr'>sive</span> 
     </span>
     <span class='ocr_line' id='line_1_24' title="bbox 522 2927 2604 3015; baseline 0 -24"><span class='ocrx_word' id='word_1_182' title='bbox 522 2927 837 3011; x_wconf 86' lang='lat' dir='ltr'>sophistas</span> <span class='ocrx_word' id='word_1_183' title='bbox 897 2930 1143 3011; x_wconf 85' lang='lat' dir='ltr'>attinet,</span> <span class='ocrx_word' id='word_1_184' title='bbox 1203 2931 1319 3013; x_wconf 90' lang='lat' dir='ltr'>qui</span> <span class='ocrx_word' id='word_1_185' title='bbox 1374 2930 1497 2993; x_wconf 90' lang='lat' dir='ltr'>sub</span> <span class='ocrx_word' id='word_1_186' title='bbox 1557 2929 2049 3015; x_wconf 86' lang='lat' dir='ltr'>imperatoribus</span> <span class='ocrx_word' id='word_1_187' title='bbox 2091 2931 2461 3014; x_wconf 87' lang='lat' dir='ltr'>viguerunt,</span> <span class='ocrx_word' id='word_1_188' title='bbox 2521 2947 2604 2992; x_wconf 88' lang='lat' dir='ltr'>ex</span> 
     </span>
     <span class='ocr_line' id='line_1_25' title="bbox 520 3033 2605 3119; baseline 0.001 -24"><span class='ocrx_word' id='word_1_189' title='bbox 520 3037 697 3096; x_wconf 89' lang='lat' dir='ltr'>tanto</span> <span class='ocrx_word' id='word_1_190' title='bbox 755 3052 976 3097; x_wconf 89' lang='lat' dir='ltr'>eorum</span> <span class='ocrx_word' id='word_1_191' title='bbox 1034 3053 1302 3098; x_wconf 83' lang='lat' dir='ltr'>numero</span> <span class='ocrx_word' id='word_1_192' title='bbox 1359 3033 1649 3099; x_wconf 87' lang='lat' dir='ltr'>dolemus</span> <span class='ocrx_word' id='word_1_193' title='bbox 1692 3035 1880 3099; x_wconf 91' lang='lat' dir='ltr'>hodie</span> <span class='ocrx_word' id='word_1_194' title='bbox 1923 3039 2057 3098; x_wconf 85' lang='lat' dir='ltr'>tam</span> <span class='ocrx_word' id='word_1_195' title='bbox 2099 3054 2339 3119; x_wconf 89' lang='lat' dir='ltr'>paucos</span> <span class='ocrx_word' id='word_1_196' title='bbox 2384 3053 2605 3118; x_wconf 89' lang='lat' dir='ltr'>super-</span> 
     </span>
     <span class='ocr_line' id='line_1_26' title="bbox 521 3137 2604 3224; baseline 0 -23"><span class='ocrx_word' id='word_1_197' title='bbox 521 3155 677 3201; x_wconf 91' lang='lat' dir='ltr'>esse.</span> <span class='ocrx_word' id='word_1_198' title='bbox 772 3137 1070 3224; x_wconf 84' lang='lat' dir='ltr'>Oeterum</span> <span class='ocrx_word' id='word_1_199' title='bbox 1114 3138 1194 3202; x_wconf 92' lang='lat' dir='ltr'>ab</span> <span class='ocrx_word' id='word_1_200' title='bbox 1238 3139 1321 3202; x_wconf 89' lang='lat' dir='ltr'>iis</span> <span class='ocrx_word' id='word_1_201' title='bbox 1367 3157 1627 3223; x_wconf 87' lang='lat' dir='ltr'>quoque</span> <span class='ocrx_word' id='word_1_202' title='bbox 1674 3141 1788 3223; x_wconf 91' lang='lat' dir='ltr'>qui</span> <span class='ocrx_word' id='word_1_203' title='bbox 1829 3139 2313 3221; x_wconf 89' lang='lat' dir='ltr'>interciderunt,</span> <span class='ocrx_word' id='word_1_204' title='bbox 2374 3157 2604 3202; x_wconf 91' lang='lat' dir='ltr'>nume-</span> 
     </span>
     <span class='ocr_line' id='line_1_27' title="bbox 520 3241 2604 3330; baseline 0 -25"><span class='ocrx_word' id='word_1_205' title='bbox 520 3261 736 3305; x_wconf 88' lang='lat' dir='ltr'>rorum</span> <span class='ocrx_word' id='word_1_206' title='bbox 779 3243 1091 3307; x_wconf 88' lang='lat' dir='ltr'>rationem</span> <span class='ocrx_word' id='word_1_207' title='bbox 1136 3241 1352 3307; x_wconf 84' lang='lat' dir='ltr'>videre</span> <span class='ocrx_word' id='word_1_208' title='bbox 1395 3243 1606 3307; x_wconf 89' lang='lat' dir='ltr'>adhuc</span> <span class='ocrx_word' id='word_1_209' title='bbox 1650 3264 1997 3327; x_wconf 87' lang='lat' dir='ltr'>possumus</span> <span class='ocrx_word' id='word_1_210' title='bbox 2043 3245 2307 3330; x_wconf 86' lang='lat' dir='ltr'>minime</span> <span class='ocrx_word' id='word_1_211' title='bbox 2354 3243 2604 3327; x_wconf 84' lang='lat' dir='ltr'>neglec-</span> 
     </span>
     <span class='ocr_line' id='line_1_28' title="bbox 519 3346 2600 3432; baseline 0.001 -23"><span class='ocrx_word' id='word_1_212' title='bbox 519 3352 651 3410; x_wconf 87' lang='lat' dir='ltr'>tam</span> <span class='ocrx_word' id='word_1_213' title='bbox 693 3346 912 3411; x_wconf 85' lang='lat' dir='ltr'>fuisse.</span> <span class='ocrx_word' id='word_1_214' title='bbox 973 3346 1102 3411; x_wconf 47' lang='lat' dir='ltr'>¹Ita</span> <span class='ocrx_word' id='word_1_215' title='bbox 1132 3347 1555 3412; x_wconf 88' lang='lat' dir='ltr'>Philostratus</span> <span class='ocrx_word' id='word_1_216' title='bbox 1596 3347 1668 3410; x_wconf 90' lang='lat' dir='ltr'>in</span> <span class='ocrx_word' id='word_1_217' title='bbox 1698 3346 1868 3412; x_wconf 86' lang='lat' dir='ltr'>Vitis</span> <span class='ocrx_word' id='word_1_218' title='bbox 1899 3347 2341 3432; x_wconf 84' lang='lat' dir='ltr'>Sophistarum</span> <span class='ocrx_word' id='word_1_219' title='bbox 2384 3368 2448 3431; x_wconf 91' lang='lat' dir='ltr'>p.</span> <span class='ocrx_word' id='word_1_220' title='bbox 2473 3348 2600 3412; x_wconf 79' lang='lat'>589</span> 
     </span>
     <span class='ocr_line' id='line_1_29' title="bbox 523 3451 2602 3535; baseline 0.001 -22"><span class='ocrx_word' id='word_1_221' title='bbox 523 3451 792 3514; x_wconf 88' lang='lat' dir='ltr'>Adriani</span> <span class='ocrx_word' id='word_1_222' title='bbox 867 3452 1199 3533; x_wconf 82' lang='lat' dir='ltr'>rhythmos</span> <span class='ocrx_word' id='word_1_223' title='bbox 1273 3452 1475 3516; x_wconf 89' lang='lat' dir='ltr'>fuisse</span> <span class='ocrx_word' id='word_1_224' title='bbox 1546 3452 1739 3515; x_wconf 90' lang='lat' dir='ltr'>tradit</span> <span class='ocrx_word' id='word_1_225' title='bbox 1812 3451 2246 3534; x_wconf 79' lang='lat' dir='ltr'>admirabileS,</span> <span class='ocrx_word' id='word_1_226' title='bbox 2317 3454 2602 3535; x_wconf 88' lang='lat' dir='ltr'>itemque</span> 
     </span>
     <span class='ocr_line' id='line_1_30' title="bbox 522 3555 2603 3639; baseline 0.001 -21"><span class='ocrx_word' id='word_1_227' title='bbox 522 3576 582 3639; x_wconf 90' lang='lat' dir='ltr'>p.</span> <span class='ocrx_word' id='word_1_228' title='bbox 641 3556 771 3620; x_wconf 81' lang='lat'>573</span> <span class='ocrx_word' id='word_1_229' title='bbox 846 3560 985 3619; x_wconf 88' lang='lat' dir='ltr'>tum</span> <span class='ocrx_word' id='word_1_230' title='bbox 1049 3555 1406 3620; x_wconf 82' lang='lat' dir='ltr'>Alexandri</span> <span class='ocrx_word' id='word_1_231' title='bbox 1480 3562 1620 3620; x_wconf 90' lang='lat' dir='ltr'>tum</span> <span class='ocrx_word' id='word_1_232' title='bbox 1685 3556 1962 3621; x_wconf 85' lang='lat' dir='ltr'>Herodis</span> <span class='ocrx_word' id='word_1_233' title='bbox 2027 3557 2228 3620; x_wconf 87' lang='lat' dir='ltr'>Attici</span> <span class='ocrx_word' id='word_1_234' title='bbox 2301 3576 2603 3621; x_wconf 90' lang='lat' dir='ltr'>numeros</span> 
     </span>
     <span class='ocr_line' id='line_1_31' title="bbox 523 3660 2604 3745; baseline 0.001 -22"><span class='ocrx_word' id='word_1_235' title='bbox 523 3660 759 3723; x_wconf 81' lang='lat' dir='ltr'>eximie</span> <span class='ocrx_word' id='word_1_236' title='bbox 813 3660 1150 3743; x_wconf 88' lang='lat' dir='ltr'>praedicat,</span> <span class='ocrx_word' id='word_1_237' title='bbox 1208 3661 1536 3744; x_wconf 89' lang='lat' dir='ltr'>Apollonii</span> <span class='ocrx_word' id='word_1_238' title='bbox 1581 3665 1796 3725; x_wconf 88' lang='lat' dir='ltr'>autem</span> <span class='ocrx_word' id='word_1_239' title='bbox 1837 3681 1900 3744; x_wconf 93' lang='lat' dir='ltr'>p.</span> <span class='ocrx_word' id='word_1_240' title='bbox 1949 3661 2073 3725; x_wconf 81' lang='lat'>601</span> <span class='ocrx_word' id='word_1_241' title='bbox 2123 3681 2218 3744; x_wconf 89' lang='lat' dir='ltr'>sq.</span> <span class='ocrx_word' id='word_1_242' title='bbox 2266 3662 2604 3745; x_wconf 91' lang='lat' dir='ltr'>plerosque</span> 
     </span>
     <span class='ocr_line' id='line_1_32' title="bbox 521 3761 2598 3849; baseline 0 -22"><span class='ocrx_word' id='word_1_243' title='bbox 521 3763 926 3848; x_wconf 83' lang='lat' dir='ltr'>reprehendit</span> <span class='ocrx_word' id='word_1_244' title='bbox 1012 3770 1321 3848; x_wconf 82' lang='lat' dir='ltr'>tanquam</span> <span class='ocrx_word' id='word_1_245' title='bbox 1409 3764 1776 3849; x_wconf 64' lang='grc' dir='ltr'><strong><em>ἐμμέτρους</em></strong></span> <span class='ocrx_word' id='word_1_246' title='bbox 1854 3787 1924 3827; x_wconf 69' lang='grc' dir='ltr'>τε</span> <span class='ocrx_word' id='word_1_247' title='bbox 1999 3765 2104 3827; x_wconf 78' lang='grc' dir='ltr'>καὶ</span> <span class='ocrx_word' id='word_1_248' title='bbox 2179 3761 2598 3841; x_wconf 78' lang='grc' dir='ltr'><strong><em>ἀκολάστους,</em></strong></span> 
     </span>
     <span class='ocr_line' id='line_1_33' title="bbox 521 3866 2597 3953; baseline 0.001 -22"><span class='ocrx_word' id='word_1_249' title='bbox 521 3887 761 3952; x_wconf 86' lang='lat' dir='ltr'>pancos</span> <span class='ocrx_word' id='word_1_250' title='bbox 815 3869 1074 3933; x_wconf 85' lang='lat' dir='ltr'>laudare</span> <span class='ocrx_word' id='word_1_251' title='bbox 1132 3887 1332 3933; x_wconf 87' lang='lat' dir='ltr'>ausus</span> <span class='ocrx_word' id='word_1_252' title='bbox 1390 3874 1610 3953; x_wconf 89' lang='lat' dir='ltr'>utpote</span> <span class='ocrx_word' id='word_1_253' title='bbox 1665 3866 1970 3952; x_wconf 68' lang='grc' dir='ltr'><strong><em>ῥυθμούς</em></strong></span> <span class='ocrx_word' id='word_1_254' title='bbox 2018 3869 2597 3953; x_wconf 69' lang='grc' dir='ltr'><strong><em>σωφρονεστέρους.</em></strong></span> 
     </span>
     <span class='ocr_line' id='line_1_34' title="bbox 521 3972 2607 4059; baseline 0 -21"><span class='ocrx_word' id='word_1_255' title='bbox 521 3972 607 4038; x_wconf 88' lang='lat' dir='ltr'>Et</span> <span class='ocrx_word' id='word_1_256' title='bbox 650 3975 906 4038; x_wconf 89' lang='lat' dir='ltr'>numeri</span> <span class='ocrx_word' id='word_1_257' title='bbox 951 3993 1170 4037; x_wconf 89' lang='lat' dir='ltr'>eorum</span> <span class='ocrx_word' id='word_1_258' title='bbox 1220 3993 1500 4057; x_wconf 88' lang='lat' dir='ltr'>quoque,</span> <span class='ocrx_word' id='word_1_259' title='bbox 1564 3975 1677 4059; x_wconf 91' lang='lat' dir='ltr'>qui</span> <span class='ocrx_word' id='word_1_260' title='bbox 1737 3979 2003 4039; x_wconf 88' lang='lat' dir='ltr'>aetatem</span> <span class='ocrx_word' id='word_1_261' title='bbox 2048 3974 2355 4058; x_wconf 89' lang='lat' dir='ltr'>tulerunt,</span> <span class='ocrx_word' id='word_1_262' title='bbox 2411 3974 2607 4038; x_wconf 88' lang='lat' dir='ltr'>simili</span> 
     </span>
     <span class='ocr_line' id='line_1_35' title="bbox 524 4078 2603 4161; baseline 0 -19"><span class='ocrx_word' id='word_1_263' title='bbox 524 4078 711 4144; x_wconf 89' lang='lat' dir='ltr'>modo</span> <span class='ocrx_word' id='word_1_264' title='bbox 774 4080 943 4142; x_wconf 86' lang='lat' dir='ltr'>inter</span> <span class='ocrx_word' id='word_1_265' title='bbox 1008 4098 1075 4144; x_wconf 90' lang='lat' dir='ltr'>se</span> <span class='ocrx_word' id='word_1_266' title='bbox 1141 4079 1442 4144; x_wconf 84' lang='lat' dir='ltr'>videntur</span> <span class='ocrx_word' id='word_1_267' title='bbox 1507 4078 1773 4143; x_wconf 88' lang='lat' dir='ltr'>differre.</span> <span class='ocrx_word' id='word_1_268' title='bbox 1865 4078 2064 4143; x_wconf 88' lang='lat' dir='ltr'>Velut</span> <span class='ocrx_word' id='word_1_269' title='bbox 2117 4079 2386 4143; x_wconf 83' lang='lat' dir='ltr'>Maximi</span> <span class='ocrx_word' id='word_1_270' title='bbox 2429 4079 2603 4161; x_wconf 73' lang='lat' dir='ltr'>&#39;l&#39;yrii</span> 
     </span>
     <span class='ocr_line' id='line_1_36' title="bbox 522 4183 2602 4267; baseline 0.001 -22"><span class='ocrx_word' id='word_1_271' title='bbox 522 4183 853 4263; x_wconf 83' lang='lat' dir='ltr'>rhythmos</span> <span class='ocrx_word' id='word_1_272' title='bbox 898 4183 1249 4247; x_wconf 88' lang='lat' dir='ltr'>mediocres</span> <span class='ocrx_word' id='word_1_273' title='bbox 1293 4188 1544 4247; x_wconf 88' lang='lat' dir='ltr'>tantum</span> <span class='ocrx_word' id='word_1_274' title='bbox 1593 4203 1731 4248; x_wconf 89' lang='lat' dir='ltr'>esse</span> <span class='ocrx_word' id='word_1_275' title='bbox 1767 4184 2009 4266; x_wconf 87' lang='lat' dir='ltr'>judico,</span> <span class='ocrx_word' id='word_1_276' title='bbox 2052 4185 2408 4267; x_wconf 88' lang='lat' dir='ltr'>praeclaros</span> <span class='ocrx_word' id='word_1_277' title='bbox 2452 4205 2602 4249; x_wconf 85' lang='lat' dir='ltr'>vero</span> 
     </span>
     <span class='ocr_line' id='line_1_37' title="bbox 523 4285 2602 4372; baseline 0.001 -22"><span class='ocrx_word' id='word_1_278' title='bbox 523 4285 751 4351; x_wconf 88' lang='lat' dir='ltr'>Dionis</span> <span class='ocrx_word' id='word_1_279' title='bbox 797 4285 1250 4372; x_wconf 83' lang='lat' dir='ltr'>Chrysostomi.</span> <span class='ocrx_word' id='word_1_280' title='bbox 1339 4287 1569 4372; x_wconf 90' lang='lat' dir='ltr'>Neque</span> <span class='ocrx_word' id='word_1_281' title='bbox 1627 4289 1719 4352; x_wconf 88' lang='lat' dir='ltr'>ita</span> <span class='ocrx_word' id='word_1_282' title='bbox 1777 4287 1977 4352; x_wconf 89' lang='lat' dir='ltr'>multo</span> <span class='ocrx_word' id='word_1_283' title='bbox 2032 4296 2177 4372; x_wconf 86' lang='lat' dir='ltr'>post</span> <span class='ocrx_word' id='word_1_284' title='bbox 2220 4288 2341 4353; x_wconf 91' lang='lat' dir='ltr'>sub</span> <span class='ocrx_word' id='word_1_285' title='bbox 2388 4287 2602 4353; x_wconf 85' lang='lat' dir='ltr'>Marco</span> 
     </span>
     <span class='ocr_line' id='line_1_38' title="bbox 523 4390 2602 4483; baseline 0 -26"><span class='ocrx_word' id='word_1_286' title='bbox 523 4392 860 4458; x_wconf 80' lang='lat' dir='ltr'>Antonino</span> <span class='ocrx_word' id='word_1_287' title='bbox 889 4392 1108 4475; x_wconf 82' lang='lat' dir='ltr'>nobile</span> <span class='ocrx_word' id='word_1_288' title='bbox 1134 4411 1248 4479; x_wconf 84' lang='lat' dir='ltr'>par</span> <span class='ocrx_word' id='word_1_289' title='bbox 1277 4392 1705 4480; x_wconf 85' lang='lat' dir='ltr'>sophistarum</span> <span class='ocrx_word' id='word_1_290' title='bbox 1736 4391 1975 4481; x_wconf 81' lang='lat' dir='ltr'>floruit,</span> <span class='ocrx_word' id='word_1_291' title='bbox 2020 4390 2245 4462; x_wconf 86' lang='lat' dir='ltr'>Aelius</span> <span class='ocrx_word' id='word_1_292' title='bbox 2265 4392 2602 4483; x_wconf 81' lang='lat' dir='ltr'>Aristides,</span> 
     </span>
    </p>
   </div>
  </div>
 </body>
</html>
