3099 5241
504 400 688 459 Lym
1316 402 1413 459 nn
1465 384 1772 459 Lucum

506 585 784 665 apparet.
874 580 1082 664 Atqui
1123 580 1431 644 Julianus
1485 584 1663 664 pater
1719 599 1794 645 eo
1848 581 1991 665 ipso
2036 600 2207 644 anno
2257 580 2404 663 163,
2462 601 2591 666 quo

507 683 971 767 Necyomantia
1001 685 1231 770 scripta
1263 684 1436 766 est,*)
1470 685 1823 749 certissime
1854 704 2054 750 senex
2082 685 2227 767 fuit,
2272 685 2592 769 siquidem

508 787 740 854 Suidas
785 808 836 852 s.
878 783 1231 860 Ἰουλιανός
1275 788 1616 853 Julianum
1672 790 1901 874 prioris
1943 788 2155 853 filium
2208 789 2330 853 sub
2376 788 2591 854 Marco

506 893 840 958 Antonino
905 894 1149 958 vixisse
1226 888 1564 978 perspicue
1640 894 1920 958 tradidit.
2049 893 2345 959 Ceterum
2421 894 2592 959 idem

507 1017 860 1081 cognomen
945 1004 1042 1064 est
1109 994 1143 1061 ὁ
1213 996 1554 1068 Χαλδαῖος
1621 1003 1683 1062 61
1751 994 1785 1061 ὁ
1857 994 2306 1082 Βαβυλώνιος.
2424 998 2592 1062 Nam

511 1101 890 1185 ,Babylonii‘
941 1104 1079 1186 (qui
1122 1104 1319 1188 vulgo
1365 1102 1665 1187 astrologi
1722 1106 1786 1168 et
1843 1102 2225 1185 genethliaci
2287 1103 2595 1167 dicuntur

506 1207 687 1271 velut
730 1207 809 1271 ab
858 1207 983 1272 Cic.
1032 1206 1129 1271 De
1175 1206 1456 1272 Divinat.
1502 1208 1555 1291 I,
1605 1208 1683 1274 19
1729 1208 1770 1293 ξ
1804 1210 1909 1290 36)
1954 1209 2338 1294 plerumque
2384 1209 2592 1273 eidem

512 1309 846 1394 ,Chaldaei‘
893 1312 1316 1396 adpellantur,
1372 1318 1447 1376 ut
1505 1311 1585 1376 ab
1642 1310 1936 1378 Lucretio
1981 1311 2079 1378 De
2121 1311 2267 1378 Rer.
2315 1311 2461 1377 Nat.
2509 1312 2591 1395 V,

512 1416 635 1481 727
684 1415 785 1498 (de
829 1414 1121 1498 Beroso):
1172 1416 1587 1500 ,Babylonica
1632 1416 2022 1482 Chaldaeum
2068 1418 2370 1483 doctrina‘
2415 1417 2592 1500 (nam

512 1525 587 1584 ut
637 1525 806 1585 recte
860 1520 1114 1585 Plinius
1157 1521 1242 1586 Η.
1288 1522 1369 1587 N.
1417 1522 1501 1604 V,
1547 1523 1632 1587 26
1676 1521 1823 1587 fin.:
1890 1522 2202 1605 ,Babylon
2266 1522 2593 1607 quondam

512 1624 862 1690 Chaldaeae
909 1628 1167 1711 caput‘),
1209 1648 1350 1691 raro
1395 1629 1660 1712 utrique
1704 1628 1896 1709 magi,
1941 1626 2287 1710 Babylonii
2317 1632 2380 1692 et
2410 1626 2593 1691 Chal-

512 1730 654 1794 daei
698 1730 990 1814 paullum
1033 1732 1200 1796 inter
1245 1751 1312 1797 se
1359 1732 1607 1797 differre
1652 1731 1996 1796 traduntur
2025 1737 2099 1796 ut
2128 1732 2207 1796 ab
2238 1730 2591 1816 Hippolyto

510 1832 720 1899 Refut.
767 1834 954 1899 Omn.
1012 1835 1202 1901 Haer.
1252 1836 1335 1919 X,
1392 1857 1454 1921 p.
1501 1836 1633 1902 494
1692 1837 1788 1900 ed.
1847 1836 2242 1901 SchneideW.
2351 1835 2593 1913 Quodsi

511 1939 581 2002 in
624 1938 1088 2021 Necyomantia
1132 1940 1394 2006 «Iuliano
1453 1942 1677 2024 majori
1738 1943 1811 2021 (0.
1863 1942 1933 2007 6:
2001 1947 2176 2025 σοφῷ
2240 1938 2428 2021 ἀνδρὶ
2489 1942 2592 2001 καὶ

512 2046 843 2129 θεσπεσίῳ
910 2041 1031 2124 «τῆν
1099 2048 1350 2129 τέχνην)
1420 2046 1710 2110 inlusum
1777 2052 1906 2127 est,
1986 2047 2281 2129 sequitur
2343 2045 2594 2127 Necyo-

512 2149 797 2213 mantian
842 2147 1127 2233 Dialogis
1181 2149 1557 2215 Moruorum
1610 2150 1796 2215 valde
1855 2169 1995 2215 esse
2054 2150 2461 2214 dissimilem:
2522 2152 2593 2213 in

516 2271 794 2337 quorum
840 2254 1234 2337 dialogorum
1277 2254 1456 2320 nullo
1501 2260 1615 2319 aut
1644 2254 1949 2318 Julianus
1985 2254 2230 2319 ridetur
2273 2259 2387 2319 aut
2430 2254 2595 2318 alius

514 2356 555 2421 J
562 2357 779 2421 uliano
849 2358 1012 2422 duce
1090 2360 1168 2423 ad
1247 2361 1483 2425 inferos
1552 2359 1898 2424 descendit.
2016 2357 2205 2435 Quod
2287 2362 2596 2443 superest,

513 2480 727 2545 neque
769 2463 841 2525 in
886 2464 1144 2528 scholiis
1187 2464 1468 2548 vulgatis
1527 2484 1742 2548 neque
1784 2465 1855 2527 in
1902 2463 2107 2546 codd.,
2170 2465 2283 2547 qui
2341 2466 2598 2528 exstant

512 2564 793 2650 plurimi,
835 2566 1017 2633 litera
1061 2568 1194 2633 ulla
1236 2570 1587 2652 invenitur,
1632 2588 1714 2634 ex
1748 2589 1875 2653 qua
1921 2568 1999 2633 de
2028 2566 2312 2632 Luciano
2343 2567 2598 2649 Necyo-

513 2671 792 2736 mantiae
857 2675 1161 2757 scriptore
1245 2674 1614 2739 dubitatum
1694 2693 1833 2739 esse
1916 2675 2211 2738 conicias.
2338 2671 2596 2736 Primus

519 2781 735 2840 autem
794 2775 901 2859 (ad
960 2777 1267 2861 Necyom.
1330 2799 1382 2844 c.
1437 2781 1492 2861 1)
1553 2781 1771 2845 nescio
1830 2779 1989 2863 quid
2048 2779 2254 2842 odiosi
2312 2777 2597 2862 scrupuli

515 2879 790 2945 Solanus
855 2883 1095 2966 injecit,
1163 2886 1275 2969 qui
1345 2885 1446 2967 ,ob
1514 2885 1716 2950 multa
1784 2885 2002 2948 critico
2067 2883 2177 2948 illo
2241 2901 2398 2946 naso
2463 2902 2596 2946 non

516 2985 668 3049 satis
737 2986 948 3070 digna‘
1019 2990 1111 3052 ita
1175 2989 1613 3073 addubitavit,
1690 2995 1765 3053 ut
1845 2989 1966 3052 hoc
2040 2988 2463 3072 opusculum,
2542 2988 2597 3050 si

514 3091 871 3174 genuinum
934 3093 1048 3174 sit,
1116 3092 1196 3156 ab
1247 3095 1504 3176 Juniore
1563 3092 1847 3158 Luciano
1908 3094 2335 3177 compositum
2392 3091 2596 3156 vellet.

515 3194 615 3258 Ita
678 3196 850 3259 idem
906 3194 1179 3261 Solanus
1243 3198 1310 3261 id
1376 3196 1648 3262 Luciani
1715 3217 1853 3263 esse
1917 3218 2097 3262 nunc
2160 3202 2353 3281 negat
2418 3215 2597 3260 nunc

512 3320 739 3384 parum
787 3306 1151 3367 constanter
1194 3302 1513 3366 adfirmat:
1565 3303 1738 3387 quod
1784 3305 1838 3367 si
1882 3304 2071 3368 modo
2104 3307 2350 3367 constat
2391 3302 2597 3386 ipsius

515 3423 653 3469 esse
696 3403 985 3487 Luciani,
1031 3411 1271 3489 quanta
1314 3407 1504 3472 laude
1551 3408 1820 3491 dignum
1866 3410 1969 3491 sit,
2013 3427 2219 3472 novae
2265 3426 2455 3471 curae
2501 3412 2598 3471 est

516 3528 815 3593 quaerere
882 3515 946 3574 et
1003 3511 1082 3575 ab
1149 3519 1365 3577 nostro
1434 3515 1754 3598 proposito
1814 3514 2077 3578 alienae.
2177 3513 2269 3577 At
2326 3512 2598 3578 Solanus

656 3663 708 3735 *)
747 3664 833 3735 [In
869 3667 1095 3735 utroque
1131 3666 1284 3734 libro,
1321 3670 1384 3722 ut
1418 3685 1581 3738 supra
1618 3667 1752 3737 dixi,
1795 3667 2003 3722 ridetur
2025 3665 2275 3721 Julianus
2310 3667 2459 3736 pater
2481 3668 2598 3720 111111

514 3768 697 3808 senex.
769 3752 850 3807 De
899 3753 1228 3823 temporibus
1279 3755 1562 3824 utriusque
1609 3771 1754 3810 nunc
1802 3754 1876 3808 ita
1929 3753 2118 3808 sentiO.
2192 3753 2596 3823 Necyomantia,

513 3841 573 3894 id
622 3841 765 3910 quod
813 3857 842 3895 e
891 3858 936 3895 c.
979 3847 1042 3900 10
1097 3844 1244 3911 patet
1294 3842 1433 3897 bello
1478 3842 1732 3897 Parthico
1780 3840 2053 3896 saeviente
2101 3841 2247 3895 edita
2299 3845 2398 3909 est,
2455 3839 2596 3909 quod

514 3928 718 3984 bellum
751 3931 966 3997 gestum
1000 3933 1085 3985 est
1117 3947 1212 4000 per
1249 3929 1662 4000 quadriennium
1697 3947 1743 3984 a.
1774 3933 2064 3987 162—165.
2125 3927 2263 3982 Cum
2286 3928 2384 3982 hac
2408 3926 2594 3981 Philo·

513 4018 746 4087 pseudes
799 4019 944 4071 arcte
996 4017 1259 4084 cohaeret,
1311 4017 1387 4070 ita
1422 4018 1484 4070 ut
1532 4016 1756 4070 initium
1804 4018 2014 4071 saturae
2064 4015 2139 4070 sit
2186 4013 2594 4085 Necyomantia,

512 4102 906 4174 Philopseudes
942 4107 1123 4158 autem
1158 4102 1490 4158 continuatio
1577 4103 1678 4157 Illa
1725 4103 1906 4158 minus
1947 4105 2191 4158 accurate
2240 4103 2456 4172 scripta,
2504 4101 2595 4157 hic

514 4207 642 4246 vero
690 4190 933 4259 dialogus
981 4208 1191 4246 summa
1238 4206 1365 4244 cura
1411 4190 1708 4245 elaboratus
1755 4192 1854 4245 est.
1928 4190 2075 4257 Quae
2123 4206 2293 4259 quum
2339 4189 2418 4243 ita
2465 4188 2593 4257 sint,

512 4277 904 4349 Necyomantia
949 4295 994 4332 a.
1036 4284 1152 4347 163,
1200 4276 1594 4346 Philopseudes
1629 4280 1810 4332 autem
1846 4295 1891 4332 a.
1933 4282 2032 4337 164
2069 4277 2130 4331 in
2164 4276 2343 4332 lucem
2375 4275 2594 4345 prodiit.

513 4365 610 4421 Ex
657 4365 1053 4436 Addendis.]
