<?xml version="1.0" encoding="UTF-8"?>
<!DOCTYPE html PUBLIC "-//W3C//DTD XHTML 1.0 Transitional//EN"
    "http://www.w3.org/TR/xhtml1/DTD/xhtml1-transitional.dtd">
<html xmlns="http://www.w3.org/1999/xhtml" xml:lang="en" lang="en">
 <head>
  <title>
</title>
<meta http-equiv="Content-Type" content="text/html;charset=utf-8" />
  <meta name='ocr-system' content='tesseract 3.04.00' />
  <meta name='ocr-capabilities' content='ocr_page ocr_carea ocr_par ocr_line ocrx_word'/>
</head>
<body>
  <div class='ocr_page' id='page_1' title='image "./lucianussamosat01fritgoog_0328.png"; bbox 0 0 3099 5241; ppageno 0'>
   <div class='ocr_carea' id='block_1_1' title="bbox 547 412 1813 471">
    <p class='ocr_par' dir='ltr' id='par_1_1' title="bbox 547 412 1813 471">
     <span class='ocr_line' id='line_1_1' title="bbox 547 412 1813 471; baseline 0.005 -5"><span class='ocrx_word' id='word_1_1' title='bbox 547 412 592 466; x_wconf 89' lang='lat' dir='ltr'>L</span> <span class='ocrx_word' id='word_1_2' title='bbox 1363 414 1457 469; x_wconf 81' lang='lat' dir='ltr'><strong>DE</strong></span> <span class='ocrx_word' id='word_1_3' title='bbox 1510 415 1813 471; x_wconf 85' lang='lat' dir='ltr'><strong>LUCIANI</strong></span> 
     </span>
    </p>
   </div>
   <div class='ocr_carea' id='block_1_2' title="bbox 547 590 2641 2350">
    <p class='ocr_par' dir='ltr' id='par_1_2' title="bbox 547 590 2641 2350">
     <span class='ocr_line' id='line_1_2' title="bbox 549 590 2637 680; baseline 0.003 -26"><span class='ocrx_word' id='word_1_4' title='bbox 549 608 757 654; x_wconf 90' lang='lat' dir='ltr'><strong>unum</strong></span> <span class='ocrx_word' id='word_1_5' title='bbox 803 610 864 652; x_wconf 81' lang='lat' dir='ltr'><strong>V.</strong></span> <span class='ocrx_word' id='word_1_6' title='bbox 912 590 1067 676; x_wconf 87' lang='lat'>604)</span> <span class='ocrx_word' id='word_1_7' title='bbox 1113 595 1176 655; x_wconf 88' lang='lat' dir='ltr'><strong>et</strong></span> <span class='ocrx_word' id='word_1_8' title='bbox 1219 590 1559 656; x_wconf 82' lang='lat' dir='ltr'>Musaeum</span> <span class='ocrx_word' id='word_1_9' title='bbox 1616 597 1784 657; x_wconf 90' lang='lat' dir='ltr'><strong>certo</strong></span> <span class='ocrx_word' id='word_1_10' title='bbox 1840 594 2269 678; x_wconf 87' lang='lat' dir='ltr'><strong>interpolarat,</strong></span> <span class='ocrx_word' id='word_1_11' title='bbox 2334 595 2637 680; x_wconf 76' lang='lat' dir='ltr'>idemque</span> 
     </span>
     <span class='ocr_line' id='line_1_3' title="bbox 547 692 2634 784; baseline 0.002 -26"><span class='ocrx_word' id='word_1_12' title='bbox 547 692 840 775; x_wconf 84' lang='lat' dir='ltr'>Dionyso</span> <span class='ocrx_word' id='word_1_13' title='bbox 926 696 1103 778; x_wconf 89' lang='lat' dir='ltr'><strong>orgia</strong></span> <span class='ocrx_word' id='word_1_14' title='bbox 1175 697 1546 761; x_wconf 78' lang='lat' dir='ltr'>condiderat</span> <span class='ocrx_word' id='word_1_15' title='bbox 1619 696 1869 780; x_wconf 87' lang='lat' dir='ltr'><strong>(judice</strong></span> <span class='ocrx_word' id='word_1_16' title='bbox 1941 697 2260 764; x_wconf 86' lang='lat' dir='ltr'><strong>Lobeckio</strong></span> <span class='ocrx_word' id='word_1_17' title='bbox 2343 702 2414 763; x_wconf 90' lang='lat' dir='ltr'><strong>in</strong></span> <span class='ocrx_word' id='word_1_18' title='bbox 2488 699 2634 784; x_wconf 87' lang='lat' dir='ltr'><strong>Agl.</strong></span> 
     </span>
     <span class='ocr_line' id='line_1_4' title="bbox 548 799 2636 887; baseline 0.003 -26"><span class='ocrx_word' id='word_1_19' title='bbox 548 819 610 884; x_wconf 91' lang='lat' dir='ltr'><strong>p.</strong></span> <span class='ocrx_word' id='word_1_20' title='bbox 646 801 774 864; x_wconf 78' lang='lat'><strong>692</strong></span> <span class='ocrx_word' id='word_1_21' title='bbox 808 799 998 884; x_wconf 89' lang='lat' dir='ltr'><strong>sqq.),</strong></span> <span class='ocrx_word' id='word_1_22' title='bbox 1045 800 1325 883; x_wconf 89' lang='lat' dir='ltr'><strong>denique</strong></span> <span class='ocrx_word' id='word_1_23' title='bbox 1368 802 1490 865; x_wconf 89' lang='lat' dir='ltr'><strong>hoc</strong></span> <span class='ocrx_word' id='word_1_24' title='bbox 1532 804 1831 885; x_wconf 81' lang='lat' dir='ltr'><strong>inprimis</strong></span> <span class='ocrx_word' id='word_1_25' title='bbox 1878 808 2109 887; x_wconf 82' lang='lat' dir='ltr'>egerat,</span> <span class='ocrx_word' id='word_1_26' title='bbox 2155 807 2228 867; x_wconf 87' lang='lat' dir='ltr'><strong>ut</strong></span> <span class='ocrx_word' id='word_1_27' title='bbox 2252 803 2636 868; x_wconf 83' lang='lat' dir='ltr'><strong>Graecorum</strong></span> 
     </span>
     <span class='ocr_line' id='line_1_5' title="bbox 550 904 2637 992; baseline 0.003 -26"><span class='ocrx_word' id='word_1_28' title='bbox 550 904 800 967; x_wconf 90' lang='lat' dir='ltr'><strong>animos</strong></span> <span class='ocrx_word' id='word_1_29' title='bbox 857 904 1036 968; x_wconf 93' lang='lat' dir='ltr'><strong>cultu</strong></span> <span class='ocrx_word' id='word_1_30' title='bbox 1100 906 1364 970; x_wconf 89' lang='lat' dir='ltr'><strong>deorum</strong></span> <span class='ocrx_word' id='word_1_31' title='bbox 1407 906 1686 971; x_wconf 88' lang='lat' dir='ltr'><strong>fanatico</strong></span> <span class='ocrx_word' id='word_1_32' title='bbox 1731 913 1795 971; x_wconf 90' lang='lat' dir='ltr'><strong>et</strong></span> <span class='ocrx_word' id='word_1_33' title='bbox 1840 907 1979 972; x_wconf 91' lang='lat' dir='ltr'><strong>dira</strong></span> <span class='ocrx_word' id='word_1_34' title='bbox 2024 910 2476 992; x_wconf 85' lang='lat' dir='ltr'><strong>superstitione</strong></span> <span class='ocrx_word' id='word_1_35' title='bbox 2520 910 2637 972; x_wconf 91' lang='lat' dir='ltr'><strong>im-</strong></span> 
     </span>
     <span class='ocr_line' id='line_1_6' title="bbox 548 1007 2636 1094; baseline 0.002 -23"><span class='ocrx_word' id='word_1_36' title='bbox 548 1007 765 1092; x_wconf 88' lang='lat' dir='ltr'><strong>pleret.</strong></span> <span class='ocrx_word' id='word_1_37' title='bbox 861 1007 1207 1094; x_wconf 82' lang='lat' dir='ltr'><strong>Quumque</strong></span> <span class='ocrx_word' id='word_1_38' title='bbox 1275 1012 1704 1076; x_wconf 87' lang='lat' dir='ltr'><strong>certissimum</strong></span> <span class='ocrx_word' id='word_1_39' title='bbox 1772 1011 1855 1076; x_wconf 91' lang='lat' dir='ltr'><strong>sit</strong></span> <span class='ocrx_word' id='word_1_40' title='bbox 1920 1017 2083 1077; x_wconf 90' lang='lat' dir='ltr'><strong>totas</strong></span> <span class='ocrx_word' id='word_1_41' title='bbox 2151 1012 2308 1077; x_wconf 88' lang='lat' dir='ltr'><strong>adeo</strong></span> <span class='ocrx_word' id='word_1_42' title='bbox 2366 1013 2636 1076; x_wconf 91' lang='lat' dir='ltr'><strong>aliorum</strong></span> 
     </span>
     <span class='ocr_line' id='line_1_7' title="bbox 551 1113 2638 1201; baseline 0.002 -25"><span class='ocrx_word' id='word_1_43' title='bbox 551 1113 899 1195; x_wconf 87' lang='lat' dir='ltr'>epicorum,</span> <span class='ocrx_word' id='word_1_44' title='bbox 964 1133 1097 1178; x_wconf 90' lang='lat' dir='ltr'><strong>non</strong></span> <span class='ocrx_word' id='word_1_45' title='bbox 1151 1113 1420 1180; x_wconf 87' lang='lat' dir='ltr'><strong>Homeri</strong></span> <span class='ocrx_word' id='word_1_46' title='bbox 1474 1116 1849 1200; x_wconf 82' lang='lat' dir='ltr'><strong>rhapsodias</strong></span> <span class='ocrx_word' id='word_1_47' title='bbox 1907 1117 1986 1180; x_wconf 88' lang='lat' dir='ltr'><strong>ab</strong></span> <span class='ocrx_word' id='word_1_48' title='bbox 2048 1118 2149 1181; x_wconf 92' lang='lat' dir='ltr'><strong>his</strong></span> <span class='ocrx_word' id='word_1_49' title='bbox 2208 1119 2638 1201; x_wconf 86' lang='lat' dir='ltr'><strong>quatuorviris</strong></span> 
     </span>
     <span class='ocr_line' id='line_1_8' title="bbox 551 1216 2634 1301; baseline 0.002 -21"><span class='ocrx_word' id='word_1_50' title='bbox 551 1223 613 1281; x_wconf 89' lang='lat' dir='ltr'><strong>et</strong></span> <span class='ocrx_word' id='word_1_51' title='bbox 655 1218 726 1281; x_wconf 89' lang='lat' dir='ltr'><strong>in</strong></span> <span class='ocrx_word' id='word_1_52' title='bbox 764 1216 1033 1282; x_wconf 85' lang='lat' dir='ltr'><strong>Iliadem</strong></span> <span class='ocrx_word' id='word_1_53' title='bbox 1081 1225 1145 1283; x_wconf 92' lang='lat' dir='ltr'><strong>et</strong></span> <span class='ocrx_word' id='word_1_54' title='bbox 1176 1218 1530 1301; x_wconf 83' lang='lat' dir='ltr'><strong>Odysseam</strong></span> <span class='ocrx_word' id='word_1_55' title='bbox 1576 1240 1709 1284; x_wconf 90' lang='lat' dir='ltr'><strong>non</strong></span> <span class='ocrx_word' id='word_1_56' title='bbox 1759 1222 1897 1285; x_wconf 89' lang='lat' dir='ltr'><strong>sine</strong></span> <span class='ocrx_word' id='word_1_57' title='bbox 1941 1222 2164 1286; x_wconf 86' lang='lat' dir='ltr'><strong>fraude</strong></span> <span class='ocrx_word' id='word_1_58' title='bbox 2210 1222 2418 1286; x_wconf 87' lang='lat' dir='ltr'><strong>illatas</strong></span> <span class='ocrx_word' id='word_1_59' title='bbox 2464 1241 2634 1286; x_wconf 87' lang='lat' dir='ltr'><strong>esse:</strong></span> 
     </span>
     <span class='ocr_line' id='line_1_9' title="bbox 551 1322 2637 1410; baseline 0.002 -26"><span class='ocrx_word' id='word_1_60' title='bbox 551 1322 713 1385; x_wconf 90' lang='lat' dir='ltr'><strong>nihil</strong></span> <span class='ocrx_word' id='word_1_61' title='bbox 766 1324 947 1406; x_wconf 87' lang='lat' dir='ltr'><strong>prius</strong></span> <span class='ocrx_word' id='word_1_62' title='bbox 1001 1324 1165 1387; x_wconf 89' lang='lat' dir='ltr'><strong>nihil</strong></span> <span class='ocrx_word' id='word_1_63' title='bbox 1220 1326 1553 1409; x_wconf 89' lang='lat' dir='ltr'><strong>antiquius</strong></span> <span class='ocrx_word' id='word_1_64' title='bbox 1617 1345 1818 1409; x_wconf 91' lang='lat' dir='ltr'><strong>quum</strong></span> <span class='ocrx_word' id='word_1_65' title='bbox 1866 1328 2099 1391; x_wconf 89' lang='lat' dir='ltr'><strong>caeteri</strong></span> <span class='ocrx_word' id='word_1_66' title='bbox 2141 1331 2282 1390; x_wconf 90' lang='lat' dir='ltr'><strong>tum</strong></span> <span class='ocrx_word' id='word_1_67' title='bbox 2331 1346 2458 1410; x_wconf 90' lang='lat' dir='ltr'><strong>quo</strong></span> <span class='ocrx_word' id='word_1_68' title='bbox 2505 1332 2637 1391; x_wconf 89' lang='lat' dir='ltr'><strong>erat</strong></span> 
     </span>
     <span class='ocr_line' id='line_1_10' title="bbox 551 1426 2639 1496; baseline 0.002 -7"><span class='ocrx_word' id='word_1_69' title='bbox 551 1426 655 1490; x_wconf 79' lang='lat' dir='ltr'><strong>vel</strong></span> <span class='ocrx_word' id='word_1_70' title='bbox 698 1428 912 1491; x_wconf 88' lang='lat' dir='ltr'><strong>furore</strong></span> <span class='ocrx_word' id='word_1_71' title='bbox 956 1428 1059 1491; x_wconf 82' lang='lat' dir='ltr'><strong>vel</strong></span> <span class='ocrx_word' id='word_1_72' title='bbox 1116 1428 1348 1492; x_wconf 85' lang='lat' dir='ltr'><strong>furoris</strong></span> <span class='ocrx_word' id='word_1_73' title='bbox 1394 1429 1802 1496; x_wconf 87' lang='lat' dir='ltr'><strong>simulatione</strong></span> <span class='ocrx_word' id='word_1_74' title='bbox 1848 1430 2296 1495; x_wconf 88' lang='lat' dir='ltr'><strong>Onomacritus</strong></span> <span class='ocrx_word' id='word_1_75' title='bbox 2341 1430 2639 1494; x_wconf 88' lang='lat' dir='ltr'><strong>habuisse</strong></span> 
     </span>
     <span class='ocr_line' id='line_1_11' title="bbox 551 1531 2639 1619; baseline 0.002 -25"><span class='ocrx_word' id='word_1_76' title='bbox 551 1531 825 1615; x_wconf 88' lang='lat' dir='ltr'><strong>videtur,</strong></span> <span class='ocrx_word' id='word_1_77' title='bbox 873 1553 1067 1617; x_wconf 89' lang='lat' dir='ltr'><strong>quam</strong></span> <span class='ocrx_word' id='word_1_78' title='bbox 1112 1540 1187 1598; x_wconf 92' lang='lat' dir='ltr'><strong>ut</strong></span> <span class='ocrx_word' id='word_1_79' title='bbox 1230 1536 1479 1619; x_wconf 87' lang='lat' dir='ltr'><strong>magica</strong></span> <span class='ocrx_word' id='word_1_80' title='bbox 1525 1534 1746 1600; x_wconf 82' lang='lat' dir='ltr'><strong>Circae</strong></span> <span class='ocrx_word' id='word_1_81' title='bbox 1791 1536 2023 1619; x_wconf 85' lang='lat' dir='ltr'><strong>pocula</strong></span> <span class='ocrx_word' id='word_1_82' title='bbox 2066 1541 2129 1600; x_wconf 90' lang='lat' dir='ltr'><strong>et</strong></span> <span class='ocrx_word' id='word_1_83' title='bbox 2158 1535 2373 1599; x_wconf 74' lang='lat' dir='ltr'><strong>Ulixis</strong></span> <span class='ocrx_word' id='word_1_84' title='bbox 2419 1554 2639 1599; x_wconf 88' lang='lat' dir='ltr'><strong>evoca·</strong></span> 
     </span>
     <span class='ocr_line' id='line_1_12' title="bbox 550 1638 2639 1704; baseline 0.002 -4"><span class='ocrx_word' id='word_1_85' title='bbox 550 1638 793 1701; x_wconf 89' lang='lat' dir='ltr'><strong>tionem</strong></span> <span class='ocrx_word' id='word_1_86' title='bbox 880 1639 1174 1702; x_wconf 91' lang='lat' dir='ltr'><strong>manium</strong></span> <span class='ocrx_word' id='word_1_87' title='bbox 1262 1639 1343 1702; x_wconf 91' lang='lat' dir='ltr'><strong>ad</strong></span> <span class='ocrx_word' id='word_1_88' title='bbox 1413 1638 1771 1703; x_wconf 85' lang='lat' dir='ltr'><strong>Homerum</strong></span> <span class='ocrx_word' id='word_1_89' title='bbox 1863 1645 2187 1704; x_wconf 75' lang='lat' dir='ltr'><strong>auctorem</strong></span> <span class='ocrx_word' id='word_1_90' title='bbox 2274 1640 2639 1704; x_wconf 86' lang='lat' dir='ltr'><strong>transferret</strong></span> 
     </span>
     <span class='ocr_line' id='line_1_13' title="bbox 554 1742 2639 1829; baseline 0.001 -24"><span class='ocrx_word' id='word_1_91' title='bbox 554 1761 937 1825; x_wconf 89' lang='lat' dir='ltr'><strong>summaque</strong></span> <span class='ocrx_word' id='word_1_92' title='bbox 982 1742 1249 1807; x_wconf 88' lang='lat' dir='ltr'><strong>Homeri</strong></span> <span class='ocrx_word' id='word_1_93' title='bbox 1300 1744 1676 1808; x_wconf 87' lang='lat' dir='ltr'><strong>auctoritate</strong></span> <span class='ocrx_word' id='word_1_94' title='bbox 1719 1746 1967 1829; x_wconf 88' lang='lat' dir='ltr'><strong>magiae</strong></span> <span class='ocrx_word' id='word_1_95' title='bbox 2011 1750 2074 1809; x_wconf 91' lang='lat' dir='ltr'><strong>et</strong></span> <span class='ocrx_word' id='word_1_96' title='bbox 2117 1745 2639 1829; x_wconf 84' lang='lat' dir='ltr'><strong>psychomantiae</strong></span> 
     </span>
     <span class='ocr_line' id='line_1_14' title="bbox 550 1847 2640 1933; baseline 0 -23"><span class='ocrx_word' id='word_1_97' title='bbox 550 1848 716 1910; x_wconf 87' lang='lat' dir='ltr'><strong>ritus</strong></span> <span class='ocrx_word' id='word_1_98' title='bbox 774 1849 1065 1912; x_wconf 85' lang='lat' dir='ltr'><strong>sanciret.</strong></span> <span class='ocrx_word' id='word_1_99' title='bbox 1155 1848 1243 1912; x_wconf 84' lang='lat' dir='ltr'><strong>Et</strong></span> <span class='ocrx_word' id='word_1_100' title='bbox 1299 1849 1578 1933; x_wconf 89' lang='lat' dir='ltr'><strong>profecto</strong></span> <span class='ocrx_word' id='word_1_101' title='bbox 1635 1849 1794 1912; x_wconf 91' lang='lat' dir='ltr'><strong>haec</strong></span> <span class='ocrx_word' id='word_1_102' title='bbox 1846 1849 2088 1914; x_wconf 88' lang='lat' dir='ltr'><strong>nefaria</strong></span> <span class='ocrx_word' id='word_1_103' title='bbox 2140 1849 2315 1913; x_wconf 87' lang='lat' dir='ltr'><strong>fraus</strong></span> <span class='ocrx_word' id='word_1_104' title='bbox 2362 1847 2640 1913; x_wconf 87' lang='lat' dir='ltr'><strong>Onoma-</strong></span> 
     </span>
     <span class='ocr_line' id='line_1_15' title="bbox 554 1952 2639 2038; baseline 0 -23"><span class='ocrx_word' id='word_1_105' title='bbox 554 1953 709 2016; x_wconf 88' lang='lat' dir='ltr'><strong>crito</strong></span> <span class='ocrx_word' id='word_1_106' title='bbox 779 1972 815 2016; x_wconf 91' lang='lat' dir='ltr'><strong>e</strong></span> <span class='ocrx_word' id='word_1_107' title='bbox 881 1958 1031 2017; x_wconf 77' lang='lat' dir='ltr'><strong>voto</strong></span> <span class='ocrx_word' id='word_1_108' title='bbox 1099 1955 1542 2036; x_wconf 88' lang='lat' dir='ltr'><strong>sententiaque</strong></span> <span class='ocrx_word' id='word_1_109' title='bbox 1601 1955 1792 2017; x_wconf 88' lang='lat' dir='ltr'><strong>cessit</strong></span> <span class='ocrx_word' id='word_1_110' title='bbox 1847 1973 2059 2038; x_wconf 88' lang='lat' dir='ltr'><strong>usque</strong></span> <span class='ocrx_word' id='word_1_111' title='bbox 2118 1972 2213 2036; x_wconf 89' lang='lat' dir='ltr'><strong>e0,</strong></span> <span class='ocrx_word' id='word_1_112' title='bbox 2280 1958 2356 2017; x_wconf 91' lang='lat' dir='ltr'><strong>ut</strong></span> <span class='ocrx_word' id='word_1_113' title='bbox 2417 1952 2639 2017; x_wconf 85' lang='lat' dir='ltr'><strong>Graeci</strong></span> 
     </span>
     <span class='ocr_line' id='line_1_16' title="bbox 552 2055 2640 2142; baseline -0.001 -22"><span class='ocrx_word' id='word_1_114' title='bbox 552 2055 616 2120; x_wconf 83' lang='lat' dir='ltr'>N</span> <span class='ocrx_word' id='word_1_115' title='bbox 618 2058 848 2138; x_wconf 85' lang='lat' dir='ltr'><strong>ecyian</strong></span> <span class='ocrx_word' id='word_1_116' title='bbox 901 2057 981 2122; x_wconf 91' lang='lat' dir='ltr'><strong>ab</strong></span> <span class='ocrx_word' id='word_1_117' title='bbox 1037 2059 1177 2141; x_wconf 90' lang='lat' dir='ltr'><strong>ipso</strong></span> <span class='ocrx_word' id='word_1_118' title='bbox 1221 2057 1502 2122; x_wconf 90' lang='lat' dir='ltr'><strong>Homero</strong></span> <span class='ocrx_word' id='word_1_119' title='bbox 1565 2060 1868 2142; x_wconf 84' lang='lat' dir='ltr'><strong>scriptam</strong></span> <span class='ocrx_word' id='word_1_120' title='bbox 1925 2078 2065 2123; x_wconf 91' lang='lat' dir='ltr'><strong>esse</strong></span> <span class='ocrx_word' id='word_1_121' title='bbox 2117 2059 2237 2121; x_wconf 87' lang='lat' dir='ltr'><strong>rati</strong></span> <span class='ocrx_word' id='word_1_122' title='bbox 2296 2077 2458 2142; x_wconf 92' lang='lat' dir='ltr'><strong>quos</strong></span> <span class='ocrx_word' id='word_1_123' title='bbox 2503 2057 2640 2120; x_wconf 81' lang='lat' dir='ltr'><strong>dixi</strong></span> 
     </span>
     <span class='ocr_line' id='line_1_17' title="bbox 552 2161 2641 2246; baseline 0 -21"><span class='ocrx_word' id='word_1_124' title='bbox 552 2163 718 2226; x_wconf 90' lang='lat' dir='ltr'><strong>ritus</strong></span> <span class='ocrx_word' id='word_1_125' title='bbox 763 2164 1087 2246; x_wconf 88' lang='lat' dir='ltr'><strong>suscipere</strong></span> <span class='ocrx_word' id='word_1_126' title='bbox 1131 2183 1263 2226; x_wconf 92' lang='lat' dir='ltr'><strong>non</strong></span> <span class='ocrx_word' id='word_1_127' title='bbox 1310 2161 1696 2226; x_wconf 87' lang='lat' dir='ltr'><strong>dubitarent.</strong></span> <span class='ocrx_word' id='word_1_128' title='bbox 1791 2162 2085 2228; x_wconf 84' lang='lat' dir='ltr'><strong>Ceterum</strong></span> <span class='ocrx_word' id='word_1_129' title='bbox 2114 2162 2382 2226; x_wconf 87' lang='lat' dir='ltr'><strong>Iliadem</strong></span> <span class='ocrx_word' id='word_1_130' title='bbox 2422 2181 2641 2245; x_wconf 87' lang='lat' dir='ltr'><strong>mago-</strong></span> 
     </span>
     <span class='ocr_line' id='line_1_18' title="bbox 550 2265 2639 2350; baseline -0.001 -19"><span class='ocrx_word' id='word_1_131' title='bbox 550 2286 699 2331; x_wconf 85' lang='lat' dir='ltr'><strong>rum</strong></span> <span class='ocrx_word' id='word_1_132' title='bbox 754 2266 998 2332; x_wconf 87' lang='lat' dir='ltr'><strong>artibus</strong></span> <span class='ocrx_word' id='word_1_133' title='bbox 1055 2287 1286 2350; x_wconf 89' lang='lat' dir='ltr'><strong>carere,</strong></span> <span class='ocrx_word' id='word_1_134' title='bbox 1347 2265 1702 2349; x_wconf 87' lang='lat' dir='ltr'><strong>Odysseam</strong></span> <span class='ocrx_word' id='word_1_135' title='bbox 1764 2272 1979 2332; x_wconf 87' lang='lat' dir='ltr'><strong>autem</strong></span> <span class='ocrx_word' id='word_1_136' title='bbox 2025 2267 2265 2331; x_wconf 90' lang='lat' dir='ltr'><strong>eisdem</strong></span> <span class='ocrx_word' id='word_1_137' title='bbox 2311 2266 2639 2330; x_wconf 87' lang='lat' dir='ltr'><strong>abundare</strong></span> 
     </span>
    </p>
   </div>
   <div class='ocr_carea' id='block_1_3' title="bbox 548 2370 2760 2457">
    <p class='ocr_par' dir='ltr' id='par_1_3' title="bbox 548 2370 2760 2457">
     <span class='ocr_line' id='line_1_19' title="bbox 548 2370 2760 2457; baseline -0 -23"><span class='ocrx_word' id='word_1_138' title='bbox 548 2372 682 2453; x_wconf 86' lang='lat' dir='ltr'><strong>jam</strong></span> <span class='ocrx_word' id='word_1_139' title='bbox 737 2376 983 2436; x_wconf 86' lang='lat' dir='ltr'><strong>veteres</strong></span> <span class='ocrx_word' id='word_1_140' title='bbox 1038 2373 1357 2455; x_wconf 88' lang='lat' dir='ltr'><strong>praeclare</strong></span> <span class='ocrx_word' id='word_1_141' title='bbox 1410 2373 1623 2435; x_wconf 88' lang='lat' dir='ltr'><strong>mirati</strong></span> <span class='ocrx_word' id='word_1_142' title='bbox 1682 2379 1836 2436; x_wconf 91' lang='lat' dir='ltr'><strong>sunt</strong></span> <span class='ocrx_word' id='word_1_143' title='bbox 1879 2372 2054 2457; x_wconf 89' lang='lat' dir='ltr'><strong>apud</strong></span> <span class='ocrx_word' id='word_1_144' title='bbox 2097 2371 2384 2436; x_wconf 89' lang='lat' dir='ltr'><strong>Plinium</strong></span> <span class='ocrx_word' id='word_1_145' title='bbox 2429 2370 2507 2435; x_wconf 92' lang='lat' dir='ltr'><strong>N.</strong></span> <span class='ocrx_word' id='word_1_146' title='bbox 2550 2370 2635 2434; x_wconf 92' lang='lat' dir='ltr'><strong>H.</strong></span> <span class='ocrx_word' id='word_1_147' title='bbox 2753 2411 2760 2417; x_wconf 91' lang='lat'>-</span> 
     </span>
    </p>
   </div>
   <div class='ocr_carea' id='block_1_4' title="bbox 553 2474 2687 4449">
    <p class='ocr_par' dir='ltr' id='par_1_4' title="bbox 553 2474 2687 4449">
     <span class='ocr_line' id='line_1_20' title="bbox 553 2474 2641 2561; baseline -0 -23"><span class='ocrx_word' id='word_1_148' title='bbox 553 2474 770 2558; x_wconf 91' lang='lat' dir='ltr'>XXX,</span> <span class='ocrx_word' id='word_1_149' title='bbox 817 2478 849 2540; x_wconf 88' lang='lat'>1</span> <span class='ocrx_word' id='word_1_150' title='bbox 901 2477 938 2557; x_wconf 63' lang='grc' dir='ltr'>ἓ</span> <span class='ocrx_word' id='word_1_151' title='bbox 985 2478 1047 2559; x_wconf 79' lang='grc'><strong>2,</strong></span> <span class='ocrx_word' id='word_1_152' title='bbox 1096 2478 1209 2561; x_wconf 91' lang='lat' dir='ltr'><strong>qui</strong></span> <span class='ocrx_word' id='word_1_153' title='bbox 1257 2476 1472 2541; x_wconf 89' lang='lat' dir='ltr'><strong>Circae</strong></span> <span class='ocrx_word' id='word_1_154' title='bbox 1515 2478 1812 2560; x_wconf 88' lang='lat' dir='ltr'><strong>inprimis</strong></span> <span class='ocrx_word' id='word_1_155' title='bbox 1858 2482 1921 2540; x_wconf 92' lang='lat' dir='ltr'><strong>et</strong></span> <span class='ocrx_word' id='word_1_156' title='bbox 1963 2477 2242 2540; x_wconf 86' lang='lat' dir='ltr'><strong>inferum</strong></span> <span class='ocrx_word' id='word_1_157' title='bbox 2287 2475 2641 2539; x_wconf 86' lang='lat' dir='ltr'><strong>evocationi</strong></span> 
     </span>
     <span class='ocr_line' id='line_1_21' title="bbox 553 2579 2638 2667; baseline -0 -23"><span class='ocrx_word' id='word_1_158' title='bbox 553 2579 775 2645; x_wconf 90' lang='lat' dir='ltr'><strong>Iliadis</strong></span> <span class='ocrx_word' id='word_1_159' title='bbox 820 2581 1149 2646; x_wconf 89' lang='lat' dir='ltr'><strong>silentium</strong></span> <span class='ocrx_word' id='word_1_160' title='bbox 1192 2586 1361 2647; x_wconf 89' lang='lat' dir='ltr'><strong>recte</strong></span> <span class='ocrx_word' id='word_1_161' title='bbox 1406 2583 1722 2667; x_wconf 89' lang='lat' dir='ltr'><strong>opposuit.</strong></span> <span class='ocrx_word' id='word_1_162' title='bbox 1814 2581 1940 2646; x_wconf 85' lang='lat' dir='ltr'><strong>Sed</strong></span> <span class='ocrx_word' id='word_1_163' title='bbox 1995 2582 2280 2666; x_wconf 86' lang='lat' dir='ltr'><strong>magicae</strong></span> <span class='ocrx_word' id='word_1_164' title='bbox 2323 2582 2638 2645; x_wconf 86' lang='lat' dir='ltr'><strong>vanitates</strong></span> 
     </span>
     <span class='ocr_line' id='line_1_22' title="bbox 558 2686 2643 2769; baseline -0 -20"><span class='ocrx_word' id='word_1_165' title='bbox 558 2706 766 2769; x_wconf 81' lang='lat' dir='ltr'><strong>quum·</strong></span> <span class='ocrx_word' id='word_1_166' title='bbox 833 2688 1095 2751; x_wconf 90' lang='lat' dir='ltr'><strong>omnino</strong></span> <span class='ocrx_word' id='word_1_167' title='bbox 1162 2688 1232 2749; x_wconf 91' lang='lat' dir='ltr'><strong>in</strong></span> <span class='ocrx_word' id='word_1_168' title='bbox 1303 2688 1518 2751; x_wconf 92' lang='lat' dir='ltr'><strong>Persis</strong></span> <span class='ocrx_word' id='word_1_169' title='bbox 1587 2692 1759 2752; x_wconf 88' lang='lat' dir='ltr'><strong>ortae</strong></span> <span class='ocrx_word' id='word_1_170' title='bbox 1826 2693 1981 2752; x_wconf 91' lang='lat' dir='ltr'><strong>sunt</strong></span> <span class='ocrx_word' id='word_1_171' title='bbox 2048 2708 2086 2751; x_wconf 89' lang='lat' dir='ltr'><strong>a</strong></span> <span class='ocrx_word' id='word_1_172' title='bbox 2152 2686 2502 2768; x_wconf 86' lang='lat' dir='ltr'><strong>Zoroastre,</strong></span> <span class='ocrx_word' id='word_1_173' title='bbox 2569 2691 2643 2748; x_wconf 94' lang='lat' dir='ltr'><strong>ut</strong></span> 
     </span>
     <span class='ocr_line' id='line_1_23' title="bbox 556 2789 2687 2875; baseline 0 -22"><span class='ocrx_word' id='word_1_174' title='bbox 556 2789 770 2854; x_wconf 89' lang='lat' dir='ltr'><strong>Plinio</strong></span> <span class='ocrx_word' id='word_1_175' title='bbox 830 2793 872 2854; x_wconf 89' lang='lat' dir='ltr'><strong>l.</strong></span> <span class='ocrx_word' id='word_1_176' title='bbox 920 2793 961 2854; x_wconf 93' lang='lat' dir='ltr'><strong>l.</strong></span> <span class='ocrx_word' id='word_1_177' title='bbox 1020 2796 1180 2856; x_wconf 84' lang='lat' dir='ltr'><strong>teste</strong></span> <span class='ocrx_word' id='word_1_178' title='bbox 1238 2794 1408 2856; x_wconf 89' lang='lat' dir='ltr'><strong>inter</strong></span> <span class='ocrx_word' id='word_1_179' title='bbox 1465 2797 1757 2856; x_wconf 88' lang='lat' dir='ltr'><strong>auctores</strong></span> <span class='ocrx_word' id='word_1_180' title='bbox 1817 2794 2135 2875; x_wconf 87' lang='lat' dir='ltr'><strong>convenit,</strong></span> <span class='ocrx_word' id='word_1_181' title='bbox 2200 2798 2343 2855; x_wconf 92' lang='lat' dir='ltr'><strong>tum</strong></span> <span class='ocrx_word' id='word_1_182' title='bbox 2407 2809 2687 2872; x_wconf 65' lang='lat' dir='ltr'><strong>necyo-‘</strong></span> 
     </span>
     <span class='ocr_line' id='line_1_24' title="bbox 556 2896 2644 2980; baseline 0 -23"><span class='ocrx_word' id='word_1_183' title='bbox 556 2897 843 2959; x_wconf 88' lang='lat' dir='ltr'><strong>mantian</strong></span> <span class='ocrx_word' id='word_1_184' title='bbox 892 2915 1152 2980; x_wconf 89' lang='lat' dir='ltr'><strong>quoque</strong></span> <span class='ocrx_word' id='word_1_185' title='bbox 1197 2916 1233 2960; x_wconf 89' lang='lat' dir='ltr'><strong>a</strong></span> <span class='ocrx_word' id='word_1_186' title='bbox 1263 2896 1479 2961; x_wconf 90' lang='lat' dir='ltr'><strong>Persis</strong></span> <span class='ocrx_word' id='word_1_187' title='bbox 1524 2897 1805 2980; x_wconf 89' lang='lat' dir='ltr'><strong>primum</strong></span> <span class='ocrx_word' id='word_1_188' title='bbox 1850 2897 2104 2960; x_wconf 86' lang='lat' dir='ltr'><strong>allatam</strong></span> <span class='ocrx_word' id='word_1_189' title='bbox 2137 2915 2278 2960; x_wconf 88' lang='lat' dir='ltr'><strong>esse</strong></span> <span class='ocrx_word' id='word_1_190' title='bbox 2307 2896 2644 2959; x_wconf 87' lang='lat' dir='ltr'><strong>certissimi</strong></span> 
     </span>
     <span class='ocr_line' id='line_1_25' title="bbox 557 2998 2643 3084; baseline 0 -22"><span class='ocrx_word' id='word_1_191' title='bbox 557 3001 892 3083; x_wconf 89' lang='lat' dir='ltr'><strong>scriptores</strong></span> <span class='ocrx_word' id='word_1_192' title='bbox 937 3006 1273 3083; x_wconf 84' lang='lat' dir='ltr'><strong>testantur,</strong></span> <span class='ocrx_word' id='word_1_193' title='bbox 1317 3001 1522 3065; x_wconf 84' lang='lat' dir='ltr'><strong>Varro</strong></span> <span class='ocrx_word' id='word_1_194' title='bbox 1569 3021 1667 3084; x_wconf 88' lang='lat' dir='ltr'><strong>ap.</strong></span> <span class='ocrx_word' id='word_1_195' title='bbox 1702 3002 2151 3084; x_wconf 88' lang='lat' dir='ltr'><strong>Augustinum</strong></span> <span class='ocrx_word' id='word_1_196' title='bbox 2195 2999 2293 3065; x_wconf 89' lang='lat' dir='ltr'><strong>De</strong></span> <span class='ocrx_word' id='word_1_197' title='bbox 2340 2999 2473 3063; x_wconf 81' lang='lat' dir='ltr'><strong>civ.</strong></span> <span class='ocrx_word' id='word_1_198' title='bbox 2522 2998 2643 3064; x_wconf 89' lang='lat' dir='ltr'><strong>Dei</strong></span> 
     </span>
     <span class='ocr_line' id='line_1_26' title="bbox 557 3103 2639 3191; baseline -0 -23"><span class='ocrx_word' id='word_1_199' title='bbox 557 3103 700 3187; x_wconf 91' lang='lat' dir='ltr'><strong>VII,</strong></span> <span class='ocrx_word' id='word_1_200' title='bbox 724 3107 830 3188; x_wconf 82' lang='lat'><strong>35,</strong></span> <span class='ocrx_word' id='word_1_201' title='bbox 876 3105 1102 3170; x_wconf 83' lang='lat' dir='ltr'><strong>Strabo</strong></span> <span class='ocrx_word' id='word_1_202' title='bbox 1133 3106 1380 3190; x_wconf 78' lang='lat' dir='ltr'>XV1‚2</span> <span class='ocrx_word' id='word_1_203' title='bbox 1411 3126 1472 3191; x_wconf 90' lang='lat' dir='ltr'><strong>p.</strong></span> <span class='ocrx_word' id='word_1_204' title='bbox 1504 3106 1696 3188; x_wconf 84' lang='lat'>1106,</span> <span class='ocrx_word' id='word_1_205' title='bbox 1742 3105 1824 3186; x_wconf 90' lang='lat' dir='ltr'><strong>A,</strong></span> <span class='ocrx_word' id='word_1_206' title='bbox 1866 3105 2198 3170; x_wconf 86' lang='lat' dir='ltr'><strong>Lucianus</strong></span> <span class='ocrx_word' id='word_1_207' title='bbox 2238 3106 2310 3168; x_wconf 90' lang='lat' dir='ltr'><strong>in</strong></span> <span class='ocrx_word' id='word_1_208' title='bbox 2332 3103 2639 3185; x_wconf 81' lang='lat' dir='ltr'><strong>Necyom.</strong></span> 
     </span>
     <span class='ocr_line' id='line_1_27' title="bbox 559 3206 2643 3295; baseline 0 -22"><span class='ocrx_word' id='word_1_209' title='bbox 559 3229 613 3273; x_wconf 92' lang='lat' dir='ltr'><strong>c.</strong></span> <span class='ocrx_word' id='word_1_210' title='bbox 661 3211 725 3293; x_wconf 89' lang='lat'><strong>6,</strong></span> <span class='ocrx_word' id='word_1_211' title='bbox 793 3210 908 3274; x_wconf 90' lang='lat' dir='ltr'><strong>ubi</strong></span> <span class='ocrx_word' id='word_1_212' title='bbox 972 3212 1149 3276; x_wconf 90' lang='lat' dir='ltr'><strong>hunc</strong></span> <span class='ocrx_word' id='word_1_213' title='bbox 1217 3231 1480 3295; x_wconf 88' lang='lat' dir='ltr'><strong>magum</strong></span> <span class='ocrx_word' id='word_1_214' title='bbox 1546 3216 1611 3275; x_wconf 91' lang='lat' dir='ltr'><strong>et</strong></span> <span class='ocrx_word' id='word_1_215' title='bbox 1666 3210 2013 3274; x_wconf 87' lang='lat' dir='ltr'><strong>Zoroastris</strong></span> <span class='ocrx_word' id='word_1_216' title='bbox 2082 3206 2383 3295; x_wconf 73' lang='grc' dir='ltr'><strong>διάδοχον</strong></span> <span class='ocrx_word' id='word_1_217' title='bbox 2441 3209 2643 3273; x_wconf 86' lang='lat' dir='ltr'><strong>fuisse</strong></span> 
     </span>
     <span class='ocr_line' id='line_1_28' title="bbox 559 3313 2644 3399; baseline -0 -21"><span class='ocrx_word' id='word_1_218' title='bbox 559 3316 726 3378; x_wconf 85' lang='lat' dir='ltr'><strong>dixit</strong></span> <span class='ocrx_word' id='word_1_219' title='bbox 770 3321 832 3379; x_wconf 91' lang='lat' dir='ltr'><strong>et</strong></span> <span class='ocrx_word' id='word_1_220' title='bbox 876 3334 1112 3380; x_wconf 90' lang='lat' dir='ltr'><strong>nomen</strong></span> <span class='ocrx_word' id='word_1_221' title='bbox 1151 3317 1328 3399; x_wconf 85' lang='lat' dir='ltr'><strong>magi</strong></span> <span class='ocrx_word' id='word_1_222' title='bbox 1359 3315 1607 3379; x_wconf 85' lang='lat' dir='ltr'><strong>addidit</strong></span> <span class='ocrx_word' id='word_1_223' title='bbox 1630 3314 1981 3379; x_wconf 89' lang='lat' dir='ltr'><strong>Persicum.</strong></span> <span class='ocrx_word' id='word_1_224' title='bbox 2070 3314 2223 3380; x_wconf 92' lang='lat' dir='ltr'><strong>Huc</strong></span> <span class='ocrx_word' id='word_1_225' title='bbox 2247 3313 2644 3395; x_wconf 85' lang='lat' dir='ltr'><strong>Aeschylum</strong></span> 
     </span>
     <span class='ocr_line' id='line_1_29' title="bbox 559 3418 2643 3504; baseline -0.001 -20"><span class='ocrx_word' id='word_1_226' title='bbox 559 3421 758 3502; x_wconf 86' lang='lat' dir='ltr'><strong>adice,</strong></span> <span class='ocrx_word' id='word_1_227' title='bbox 824 3421 894 3483; x_wconf 90' lang='lat' dir='ltr'><strong>in</strong></span> <span class='ocrx_word' id='word_1_228' title='bbox 950 3422 1137 3503; x_wconf 76' lang='lat' dir='ltr'><strong>quus</strong></span> <span class='ocrx_word' id='word_1_229' title='bbox 1182 3420 1418 3504; x_wconf 79' lang='lat' dir='ltr'><strong>’tragici</strong></span> <span class='ocrx_word' id='word_1_230' title='bbox 1470 3418 1687 3484; x_wconf 91' lang='lat' dir='ltr'><strong>Persis</strong></span> <span class='ocrx_word' id='word_1_231' title='bbox 1741 3440 1803 3482; x_wconf 77' lang='lat' dir='ltr'><strong>V.</strong></span> <span class='ocrx_word' id='word_1_232' title='bbox 1853 3420 1976 3485; x_wconf 85' lang='lat'><strong>631</strong></span> <span class='ocrx_word' id='word_1_233' title='bbox 2028 3439 2165 3503; x_wconf 88' lang='lat' dir='ltr'><strong>sqq.</strong></span> <span class='ocrx_word' id='word_1_234' title='bbox 2222 3439 2260 3482; x_wconf 86' lang='lat' dir='ltr'><strong>a</strong></span> <span class='ocrx_word' id='word_1_235' title='bbox 2302 3418 2643 3483; x_wconf 88' lang='lat' dir='ltr'><strong>Persarum</strong></span> 
     </span>
     <span class='ocr_line' id='line_1_30' title="bbox 560 3523 2643 3607; baseline -0.001 -19"><span class='ocrx_word' id='word_1_236' title='bbox 560 3544 793 3589; x_wconf 91' lang='lat' dir='ltr'><strong>senum</strong></span> <span class='ocrx_word' id='word_1_237' title='bbox 848 3525 1038 3588; x_wconf 89' lang='lat' dir='ltr'><strong>choro</strong></span> <span class='ocrx_word' id='word_1_238' title='bbox 1082 3523 1262 3589; x_wconf 88' lang='lat' dir='ltr'><strong>Darii</strong></span> <span class='ocrx_word' id='word_1_239' title='bbox 1317 3524 1547 3588; x_wconf 90' lang='lat' dir='ltr'><strong>umbra</strong></span> <span class='ocrx_word' id='word_1_240' title='bbox 1591 3530 1851 3589; x_wconf 81' lang='lat' dir='ltr'><strong>evocata</strong></span> <span class='ocrx_word' id='word_1_241' title='bbox 1897 3530 2010 3589; x_wconf 85' lang='lat' dir='ltr'><strong>est.</strong></span> <span class='ocrx_word' id='word_1_242' title='bbox 2100 3523 2381 3607; x_wconf 84' lang='lat' dir='ltr'><strong>Magiam</strong></span> <span class='ocrx_word' id='word_1_243' title='bbox 2425 3524 2643 3606; x_wconf 81' lang='lat' dir='ltr'><strong>igitur,</strong></span> 
     </span>
     <span class='ocr_line' id='line_1_31' title="bbox 561 3625 2643 3714; baseline -0.002 -20"><span class='ocrx_word' id='word_1_244' title='bbox 561 3649 725 3714; x_wconf 88' lang='lat' dir='ltr'><strong>quae</strong></span> <span class='ocrx_word' id='word_1_245' title='bbox 791 3631 1044 3714; x_wconf 90' lang='lat' dir='ltr'><strong>proprie</strong></span> <span class='ocrx_word' id='word_1_246' title='bbox 1110 3630 1367 3710; x_wconf 91' lang='lat' dir='ltr'><strong>dicitur,</strong></span> <span class='ocrx_word' id='word_1_247' title='bbox 1435 3629 1515 3693; x_wconf 87' lang='lat' dir='ltr'><strong>ad</strong></span> <span class='ocrx_word' id='word_1_248' title='bbox 1578 3629 1854 3695; x_wconf 84' lang='lat' dir='ltr'><strong>Graecos</strong></span> <span class='ocrx_word' id='word_1_249' title='bbox 1921 3629 2281 3712; x_wconf 83' lang='lat' dir='ltr'><strong>antiquitus</strong></span> <span class='ocrx_word' id='word_1_250' title='bbox 2336 3648 2376 3690; x_wconf 89' lang='lat' dir='ltr'><strong>a</strong></span> <span class='ocrx_word' id='word_1_251' title='bbox 2429 3625 2643 3690; x_wconf 90' lang='lat' dir='ltr'><strong>Persis</strong></span> 
     </span>
     <span class='ocr_line' id='line_1_32' title="bbox 560 3721 2644 3818; baseline -0.002 -20"><span class='ocrx_word' id='word_1_252' title='bbox 560 3721 816 3800; x_wconf 80' lang='lat' dir='ltr'><strong>allatam</strong></span> <span class='ocrx_word' id='word_1_253' title='bbox 872 3754 1012 3801; x_wconf 89' lang='lat' dir='ltr'><strong>esse</strong></span> <span class='ocrx_word' id='word_1_254' title='bbox 1068 3739 1237 3800; x_wconf 89' lang='lat' dir='ltr'><strong>certo</strong></span> <span class='ocrx_word' id='word_1_255' title='bbox 1299 3738 1547 3798; x_wconf 87' lang='lat' dir='ltr'><strong>constat</strong></span> <span class='ocrx_word' id='word_1_256' title='bbox 1600 3753 1815 3818; x_wconf 89' lang='lat' dir='ltr'><strong>neque</strong></span> <span class='ocrx_word' id='word_1_257' title='bbox 1867 3734 1937 3797; x_wconf 92' lang='lat' dir='ltr'><strong>id</strong></span> <span class='ocrx_word' id='word_1_258' title='bbox 1982 3733 2242 3817; x_wconf 89' lang='lat' dir='ltr'><strong>quidem</strong></span> <span class='ocrx_word' id='word_1_259' title='bbox 2285 3730 2644 3795; x_wconf 87' lang='lat' dir='ltr'><strong>Lobeckius</strong></span> 
     </span>
     <span class='ocr_line' id='line_1_33' title="bbox 560 3834 2645 3925; baseline -0.002 -21"><span class='ocrx_word' id='word_1_260' title='bbox 560 3838 655 3923; x_wconf 90' lang='lat' dir='ltr'><strong>(in</strong></span> <span class='ocrx_word' id='word_1_261' title='bbox 699 3841 1013 3925; x_wconf 89' lang='lat' dir='ltr'><strong>Aglaoph.</strong></span> <span class='ocrx_word' id='word_1_262' title='bbox 1073 3861 1136 3925; x_wconf 91' lang='lat' dir='ltr'><strong>p.</strong></span> <span class='ocrx_word' id='word_1_263' title='bbox 1188 3838 1340 3925; x_wconf 80' lang='lat'>752)</span> <span class='ocrx_word' id='word_1_264' title='bbox 1406 3840 1686 3922; x_wconf 85' lang='lat' dir='ltr'><strong>negavit.</strong></span> <span class='ocrx_word' id='word_1_265' title='bbox 1777 3838 2029 3902; x_wconf 87' lang='lat' dir='ltr'><strong>Mireris</strong></span> <span class='ocrx_word' id='word_1_266' title='bbox 2091 3837 2318 3918; x_wconf 89' lang='lat' dir='ltr'><strong>fuisse,</strong></span> <span class='ocrx_word' id='word_1_267' title='bbox 2385 3836 2500 3919; x_wconf 91' lang='lat' dir='ltr'><strong>qui</strong></span> <span class='ocrx_word' id='word_1_268' title='bbox 2567 3834 2645 3899; x_wconf 90' lang='lat' dir='ltr'><strong>de</strong></span> 
     </span>
     <span class='ocr_line' id='line_1_34' title="bbox 560 3938 2645 4029; baseline -0.003 -20"><span class='ocrx_word' id='word_1_269' title='bbox 560 3943 902 4009; x_wconf 86' lang='lat' dir='ltr'><strong>Persarum</strong></span> <span class='ocrx_word' id='word_1_270' title='bbox 968 3947 1174 4029; x_wconf 89' lang='lat' dir='ltr'><strong>magis</strong></span> <span class='ocrx_word' id='word_1_271' title='bbox 1235 3945 1419 4008; x_wconf 89' lang='lat' dir='ltr'><strong>aliter</strong></span> <span class='ocrx_word' id='word_1_272' title='bbox 1476 3945 1817 4026; x_wconf 90' lang='lat' dir='ltr'><strong>sentirent,</strong></span> <span class='ocrx_word' id='word_1_273' title='bbox 1883 3945 1982 4010; x_wconf 92' lang='lat' dir='ltr'><strong>uti</strong></span> <span class='ocrx_word' id='word_1_274' title='bbox 2040 3947 2212 4027; x_wconf 90' lang='lat' dir='ltr'><strong>patet</strong></span> <span class='ocrx_word' id='word_1_275' title='bbox 2265 3961 2301 4006; x_wconf 91' lang='lat' dir='ltr'>e</span> <span class='ocrx_word' id='word_1_276' title='bbox 2354 3938 2645 4024; x_wconf 86' lang='lat' dir='ltr'><strong>Diogene</strong></span> 
     </span>
     <span class='ocr_line' id='line_1_35' title="bbox 559 4041 2639 4135; baseline -0.003 -21"><span class='ocrx_word' id='word_1_277' title='bbox 559 4049 763 4115; x_wconf 77' lang='lat' dir='ltr'><strong>Laert-</strong></span> <span class='ocrx_word' id='word_1_278' title='bbox 811 4049 1146 4115; x_wconf 84' lang='lat' dir='ltr'><strong>Prooemio</strong></span> <span class='ocrx_word' id='word_1_279' title='bbox 1215 4050 1373 4131; x_wconf 74' lang='lat'><strong>§82</strong></span> <span class='ocrx_word' id='word_1_280' title='bbox 1443 4044 1569 4130; x_wconf 76' lang='grc' dir='ltr'><strong>τὴν</strong></span> <span class='ocrx_word' id='word_1_281' title='bbox 1637 4046 1707 4111; x_wconf 80' lang='grc' dir='ltr'><strong>δὲ</strong></span> <span class='ocrx_word' id='word_1_282' title='bbox 1770 4047 2085 4135; x_wconf 66' lang='grc' dir='ltr'><em>γοητικὴν</em></span> <span class='ocrx_word' id='word_1_283' title='bbox 2149 4043 2432 4131; x_wconf 76' lang='grc' dir='ltr'><em>μαγείαν</em></span> <span class='ocrx_word' id='word_1_284' title='bbox 2495 4041 2639 4107; x_wconf 81' lang='grc' dir='ltr'><em>οὗὸ’</em></span> 
     </span>
     <span class='ocr_line' id='line_1_36' title="bbox 560 4148 2644 4241; baseline -0.004 -22"><span class='ocrx_word' id='word_1_285' title='bbox 560 4151 854 4241; x_wconf 67' lang='grc' dir='ltr'><em>ἔγνωσαν</em></span> <span class='ocrx_word' id='word_1_286' title='bbox 931 4153 1044 4238; x_wconf 89' lang='lat' dir='ltr'><strong>(sc.</strong></span> <span class='ocrx_word' id='word_1_287' title='bbox 1117 4155 1178 4217; x_wconf 83' lang='grc' dir='ltr'><strong>οἱ</strong></span> <span class='ocrx_word' id='word_1_288' title='bbox 1255 4148 1510 4239; x_wconf 75' lang='grc' dir='ltr'><strong>μάγοι),</strong></span> <span class='ocrx_word' id='word_1_289' title='bbox 1607 4153 1809 4234; x_wconf 76' lang='grc' dir='ltr'><em>φησὶν</em></span> <span class='ocrx_word' id='word_1_290' title='bbox 1881 4150 2330 4236; x_wconf 75' lang='grc' dir='ltr'><strong><em>Ἀριστοτέλης</em></strong></span> <span class='ocrx_word' id='word_1_291' title='bbox 2408 4153 2506 4212; x_wconf 81' lang='grc' dir='ltr'><strong>ἐν’</strong></span> <span class='ocrx_word' id='word_1_292' title='bbox 2557 4152 2644 4232; x_wconf 66' lang='grc' dir='ltr'><strong>’τῷ</strong></span> 
     </span>
     <span class='ocr_line' id='line_1_37' title="bbox 565 4255 2639 4347; baseline -0.002 -25"><span class='ocrx_word' id='word_1_293' title='bbox 565 4260 836 4347; x_wconf 74' lang='grc' dir='ltr'><strong><em>Μαγικῷ</em></strong></span> <span class='ocrx_word' id='word_1_294' title='bbox 927 4259 1031 4322; x_wconf 77' lang='grc' dir='ltr'><strong>καὶ</strong></span> <span class='ocrx_word' id='word_1_295' title='bbox 1111 4256 1362 4323; x_wconf 78' lang='grc' dir='ltr'><em>Δείνων</em></span> <span class='ocrx_word' id='word_1_296' title='bbox 1450 4260 1517 4319; x_wconf 75' lang='grc' dir='ltr'><em>ἐν</em></span> <span class='ocrx_word' id='word_1_297' title='bbox 1597 4262 1677 4343; x_wconf 76' lang='grc' dir='ltr'><strong>τῇ</strong></span> <span class='ocrx_word' id='word_1_298' title='bbox 1760 4255 2035 4342; x_wconf 71' lang='grc' dir='ltr'><strong><em>πέμπτῃ</em></strong></span> <span class='ocrx_word' id='word_1_299' title='bbox 2112 4261 2237 4319; x_wconf 73' lang='grc' dir='ltr'><em>«τῶν</em></span> <span class='ocrx_word' id='word_1_300' title='bbox 2320 4256 2639 4335; x_wconf 79' lang='grc' dir='ltr'><em>ἱστοριῶν.</em></span> 
     </span>
     <span class='ocr_line' id='line_1_38' title="bbox 565 4358 2646 4449; baseline -0.003 -20"><span class='ocrx_word' id='word_1_301' title='bbox 565 4362 953 4449; x_wconf 81' lang='lat' dir='ltr'><strong>Quanquam</strong></span> <span class='ocrx_word' id='word_1_302' title='bbox 1033 4368 1235 4428; x_wconf 87' lang='lat' dir='ltr'><strong>certas</strong></span> <span class='ocrx_word' id='word_1_303' title='bbox 1312 4361 1561 4445; x_wconf 83' lang='lat' dir='ltr'><strong>magiae</strong></span> <span class='ocrx_word' id='word_1_304' title='bbox 1636 4367 1845 4447; x_wconf 87' lang='lat' dir='ltr'><strong>partes</strong></span> <span class='ocrx_word' id='word_1_305' title='bbox 1926 4380 2059 4426; x_wconf 89' lang='lat' dir='ltr'><strong>non</strong></span> <span class='ocrx_word' id='word_1_306' title='bbox 2124 4358 2281 4425; x_wconf 88' lang='lat' dir='ltr'><strong>adeo</strong></span> <span class='ocrx_word' id='word_1_307' title='bbox 2347 4360 2646 4443; x_wconf 88' lang='lat' dir='ltr'><strong>antiquas</strong></span> 
     </span>
    </p>
   </div>
  </div>
 </body>
</html>
