3099 5241
546 365 693 438 170
1364 395 1807 449 AorKIANor

538 563 758 652 εὐχῶν.
824 564 985 632 ὥστε
1031 565 1260 655 ἀγαθῇ
1302 563 1461 654 τύχῃ
1507 566 1698 656 δέχου
1739 563 1858 632 τὸν
1903 562 2101 651 ὄλβον
2145 563 2441 639 ἀποστὰς
2484 570 2614 631 τῶν

402 680 502 735 147
537 665 785 736 πόνων.
929 671 1132 737 ΤΙΜ.
1215 670 1321 736 καὶ
1384 669 1575 755 ὑμεῖς
1641 668 2004 756 οἰμώξεσθε
2068 668 2224 755 ἤδη,
2296 670 2341 712 ὓ
2406 668 2616 736 καίτοι

537 774 689 840 θεοὶ
743 772 950 851 ὄντες,
1015 775 1098 849 ῶς
1156 798 1342 860 φατε·
1406 773 1664 849 πάντας
1708 773 1830 863 γάρ
1877 775 2021 860 ἅμα
2065 774 2172 840 καὶ
2217 771 2616 860 ἀνθρώπους

537 879 644 944 καὶ
699 876 905 953 θεοὺς
955 885 1152 963 μισῶ,
1211 880 1475 947 τουτονὶ
1539 878 1610 945 δὲ
1664 876 1783 945 τὸν
1835 875 2100 963 τυφλὸν,
2173 879 2347 953 ὅστις
2406 876 2486 943 ἂν
2541 872 2608 964 ᾖ,

536 982 642 1048 καὶ
687 982 1047 1068 ἐπιτρίψειν
1088 1007 1210 1069 μοι
1256 983 1421 1049 δοκῶ
1465 989 1547 1071 τῇ
1598 983 1864 1071 δικέλλῃ.
1958 982 2326 1050 ΠΛΟΥΤ.
2407 981 2615 1047 ἀπίω-

535 1110 686 1172 μεν,
752 1081 801 1152 ῶ
844 1084 1103 1173 ‘EUM’
1170 1085 1337 1173 πρὸς
1380 1093 1496 1153 τοῦ
1544 1084 1728 1161 Διός·
1799 1088 2199 1176 μελαγχολᾶν
2243 1085 2366 1174 γὰρ
2414 1084 2448 1152 ὃ
2495 1085 2616 1151 ἅν·-

535 1197 811 1276 θρωπος
878 1189 952 1256 οὐ
1021 1191 1295 1277 μετρίως
1358 1215 1480 1277 μοι
1548 1192 1743 1269 δοκεῖ,
1813 1187 1911 1276 μή
1967 1216 2028 1256 τι
2086 1189 2287 1257 κακὸν
2347 1189 2613 1255 ἀπέλθω

536 1291 951 1380 προσλαβών.
1047 1296 1151 1362 35.
1196 1296 1423 1363 EPM.
1487 1294 1705 1380 μηδὲν
1752 1293 1998 1373 σκαιὸν,
2051 1292 2098 1360 ὦ
2156 1294 2407 1379 Τίμων,
2459 1291 2613 1358 ἀλλά

535 1395 612 1463 τὸ
666 1395 850 1464 πάνυ
905 1403 1102 1465 τοῦτο
1165 1397 1393 1488 ἄγριον
1452 1400 1558 1464 καὶ
1602 1397 1801 1487 τραχὺ
1845 1396 2226 1485 καταβαλῶν
2270 1396 2616 1484 προτείνας

535 1498 624 1567 τῶ
676 1514 839 1589 χεῖρε
891 1500 1192 1589 λάμβανε
1236 1500 1360 1586 τὴν
1405 1501 1676 1592 ἀγαθὴν
1719 1502 1915 1591 τύχην
1961 1504 2067 1568 καὶ
2111 1499 2373 1569 πλούτει
2419 1497 2616 1566 πάλιν

537 1605 644 1671 καὶ
704 1608 847 1672 ἴσθι
896 1605 1281 1691 Ἀθηναίων
1323 1605 1403 1673 τά
1449 1616 1677 1692 πρῶτα
1737 1610 1842 1672 καὶ
1886 1603 2176 1693 ὑπερόρα
2218 1612 2350 1673 τῶν
2393 1604 2616 1694 ἀχαρί-

541 1734 710 1776 στων
753 1710 1032 1789 ἐκείνων,
1090 1709 1304 1796 μόνος
1349 1708 1545 1786 αὐτὸς
1591 1710 2025 1796 εὐδαιμονῶν.
2143 1712 2211 1776 Τ
2202 1712 2346 1776 ΙΜ.
2423 1708 2616 1775 οὐδὲν

536 1812 723 1899 ὑμῶν
772 1815 1030 1899 δέομαι·
1089 1813 1186 1901 μή
1236 1815 1542 1903 ἐνοχλεῖτέ
1583 1838 1726 1902 μοι·
1789 1814 2006 1889 ἱκανὸς
2051 1815 2200 1900 ἐμοὶ
2245 1816 2527 1887 πλοῦτος
2569 1810 2610 1895 ἦ

539 1915 809 1984 δίκελλα·
868 1915 948 1984 τά
1012 1918 1073 1984 δ’
1132 1917 1289 1985 ἄλλα
1350 1917 1943 2005 εὐδαιμονέστατός
1989 1924 2123 2004 εἰμι
2165 1915 2454 2004 μηδενός
2496 1942 2617 2002 μοι

538 2020 1030 2106 πλησιάζοντος.

711 2127 938 2195 ΕΡΜ.
1027 2128 1252 2207 οὕτως,
1302 2124 1350 2194 ὦ
1393 2134 1539 2207 τᾶν,
1593 2125 2099 2213 ἀπανθρώπωςς

1020 2228 1214 2298 τόνδε
1281 2233 1451 2318 φέρω
1516 2231 1639 2298 Διῒ
1693 2239 1927 2318 μῦθον
1993 2231 2252 2316 ἀπηνέα
2320 2257 2392 2296 τε
2459 2254 2614 2316 κρα-

1259 2333 1447 2421 τερόν
1491 2363 1563 2402 τε
1578 2364 1605 2417 3
2574 2401 2583 2409 ,

401 2446 501 2500 148
537 2438 579 2478 ⁴*
621 2436 730 2502 καὶ
773 2436 916 2523 μην
961 2436 1126 2513 εἰκὸς
1170 2435 1256 2523 ἦν
1298 2437 1790 2526 μισάνθρωπον
1833 2444 1958 2526 μὲν
2006 2439 2174 2507 εἶναί
2217 2465 2287 2506 σε
2322 2445 2614 2505 τοσαῦτα

535 2539 655 2606 ὑπ’
726 2540 940 2608 αὐτῶν
1008 2542 1185 2609 δεινοὶ
1245 2541 1668 2625 πεπονθότα,
1739 2543 2075 2632 μισόθεον
2131 2547 2201 2611 δὲ
2258 2543 2609 2631 μηδαμῶς,

543 2722 593 2769 Ψ
623 2722 679 2773 et
711 2739 759 2774 v.
914 2720 1128 2788 ἔπεμψε
1149 2750 1216 2758 -
1237 2719 1433 2790 εὐχῶν]
1468 2722 1527 2775 in
1561 2722 1648 2774 his
1686 2722 1734 2775 si
1770 2722 1899 2791 quid
1934 2721 2070 2776 forte
2107 2722 2270 2786 deest,
2307 2722 2471 2774 nolim
2505 2718 2616 2771 τῶν

539 2801 710 2871 εὐχῶν
743 2810 963 2872 mutare,
1017 2807 1111 2861 sed
1147 2807 1452 2861 dubitanter
1487 2808 1737 2877 suppleo:
1788 2808 2002 2879 ἔπεμψε
2044 2806 2102 2860 δὲ
2143 2807 2170 2859 ὁ
2210 2807 2348 2863 Ζεὺς
2387 2807 2496 2874 [ἐπὶ
2536 2806 2612 2879 σὲ]

538 2889 695 2944 ἐπακ.
773 2894 951 2948 eonfer
984 2912 1146 2964 supra
1182 2895 1212 2961 ξ
1249 2898 1317 2950 32
1351 2895 1468 2948 init.
1504 2895 1607 2949 bis,
1750 2893 2065 2951 ὑπακούσας
2087 2895 2151 2949 Y.
2296 2890 2613 2961 οἰμώξεσθε
2662 2922 2667 2926 ·

533 2981 595 3031 0.
739 2987 832 3033 καὶ
871 2979 1209 3052 ἀνθρώπους
1243 2988 1337 3033 καὶ
1362 2981 1532 3037 θεοὺς
1549 2982 1885 3044 ΑΨΩΩΞΡΒ,
1926 2989 2018 3034 καὶ
2054 2980 2225 3037 θεοὺς
2261 2989 2353 3032 καὶ
2391 2979 2613 3049 ἀνθρώ-

535 3086 673 3123 πους
710 3072 754 3118 Ο
793 3071 848 3121 et
880 3087 928 3123 v.
1098 3066 1246 3125 ὅστις
1282 3067 1349 3122 ἂν
1383 3059 1440 3141 ᾖ]
1481 3066 1628 3124 ὅστις
1667 3066 1750 3136 ἄρ’
1790 3061 1861 3139 ἦν
1896 3071 1960 3123 R.
2124 3066 2399 3138 ἀπίωμεν]
2440 3066 2614 3120 ἀπίω-

534 3174 638 3220 μεν
673 3150 781 3221 ἤδη
828 3157 872 3205 Ο
909 3172 1082 3209 errore
1116 3155 1341 3209 forsitan
1376 3159 1500 3209 nato
1539 3173 1602 3209 ex
1638 3155 1667 3221 ξ
1702 3159 1798 3212 30:
1836 3154 2209 3226 ἐπιβαίνωμεν
2241 3152 2370 3223 ἤδη.
2517 3175 2613 3222 με·

535 3238 804 3309 λαγχολᾶν
849 3270 917 3278 -·
963 3239 1321 3311 προσλαβών]
1387 3242 1519 3296 haee
1583 3259 1789 3312 quoque
1844 3260 1872 3296 e
1925 3242 2193 3296 comoedia
2254 3259 2388 3296 nova
2437 3245 2616 3295 noster

536 3327 749 3382 duxisse
783 3328 1008 3394 videtur,
1044 3330 1102 3383 in
1137 3347 1242 3400 qua
1275 3330 1409 3383 tales
1445 3329 1555 3384 fere
1592 3346 1707 3383 esse
1742 3332 2025 3398 potuerant
2057 3330 2313 3383 trimetri:
2348 3326 2612 3397 μελαγχο-

533 3410 636 3465 λᾶν
672 3412 974 3483 ἅνθρωπος
1011 3414 1073 3468 οὗ
1114 3419 1350 3485 μετρίως
1372 3414 1548 3469 δοκεῖ·
1583 3415 1592 3484 Ι
1623 3416 1698 3484 μὴ
1742 3423 1834 3468 καὶ
1872 3415 2043 3469 κακόν
2070 3436 2125 3468 τι
2142 3413 2464 3485 προσλάβοι,
2491 3415 2613 3483 [φυ-

532 3497 813 3569 λάξομαι].
890 3502 1088 3556 similia
1119 3504 1283 3558 habet
1316 3504 1607 3559 Menander
1643 3521 1725 3573 ap.
1763 3504 2047 3558 Stobaeum
2064 3503 2204 3558 Flor.
2226 3503 2481 3568 LXXIII,
2516 3505 2613 3557 42:

531 3586 607 3657 μὴ
646 3586 823 3656 μόνον
854 3588 862 3658 Ι
894 3588 1065 3642 κακόν
1098 3610 1154 3643 τι
1187 3588 1587 3661 προσλάβοιμι.

672 3681 756 3733 35.
830 3674 985 3746 ὑμῶν
1023 3673 1246 3745 δέομαι·
1283 3677 1387 3747 μὴ]
1426 3674 1629 3747 δέομαι
1666 3676 1837 3746 ὑμῶν.
1879 3676 1955 3747 μὴ
1992 3681 2055 3740 Ψ,
2097 3675 2252 3746 ὑμῶν
2290 3673 2380 3729 δεῖ
2414 3673 2500 3728 ὅτι
2535 3675 2608 3744 μὴ

531 3766 576 3815 0
612 3762 712 3832 (ita
745 3764 828 3833 0).
987 3754 1032 3815 ὦ
1061 3762 1187 3817 ’τᾶν
1223 3782 1268 3830 a,
1308 3755 1353 3816 ὦ
1386 3764 1493 3818 τὰν
1525 3766 1591 3820 A.
1742 3768 1869 3835 post
1916 3762 2313 3831 ἀπανθρώπως
2351 3764 2498 3818 nulla
2531 3764 2613 3816 in-

532 3852 833 3921 terpunctio
869 3854 954 3906 est
985 3852 1045 3905 in
1060 3851 1225 3917 Aabe‚
1263 3853 1356 3922 qui
1391 3869 1535 3906 error
1568 3852 1794 3906 fortasse
1828 3855 1988 3905 natus
2025 3854 2109 3905 est
2143 3868 2205 3905 ex
2240 3852 2357 3922 ipso
2386 3852 2613 3905 Homero

534 3937 605 3993 «Π.
644 3935 709 4000 ⁰⁹,
732 3940 851 4004 201,
888 3938 983 4008 qui
1016 3940 1122 3994 sic:
1162 3937 1306 3992 οὕτω
1343 3940 1449 4009 γὰρ
1487 3935 1556 4006 δή
1591 3958 1700 4000 τοι,
1740 3936 1966 4008 γαιήοχε
2004 3940 2355 4004 κυανοχαῖτα,
2403 3936 2411 4005 Ι
2451 3933 2612 3989 τόνδε

536 4024 690 4093 φέρω
747 4028 841 4076 Διὶ
897 4023 1086 4092 μῦθον
1141 4023 1356 4092 ἀπηνέα
1414 4044 1475 4077 τε
1526 4024 1800 4093 κρατερόν
1862 4044 1954 4092 τες
2011 4028 2069 4078 at
2128 4026 2187 4078 in
2231 4025 2467 4079 Luciano
2520 4024 2615 4094 qui

536 4107 932 4179 ἀπανθρώπως
967 4112 1188 4179 addidit,
1225 4113 1357 4167 duae
1392 4114 1521 4166 sunt
1554 4112 2010 4181 interrogatione8‚
2046 4112 2105 4165 in
2121 4112 2350 4165 Homero
2386 4114 2468 4165 est
2486 4111 2613 4165 sim-

532 4198 654 4267 plex
688 4196 945 4252 duntaxat
979 4201 1034 4252 et
1068 4217 1187 4254 una.
1331 4195 1631 4270 κρατερόν]
1668 4196 1942 4267 καρτερόν
1977 4199 2041 4264 Α,
2078 4196 2393 4267 κρατερηόν
2427 4214 2473 4252 a.

531 4332 830 4406 μηδαμῶς]
869 4288 1132 4406 διέδαμῶσ
1165 4337 1231 4393 A.
