3099 5241
531 387 628 458 98
1353 416 1782 468 AOPHANOY

527 584 751 662 αὐτάς.
847 590 908 654 2.
978 586 1059 653 Π
1062 587 1201 653 ΟΣ.
1275 583 1455 672 μόνη
1504 586 1576 652 δὲ
1618 586 2084 675 παραγίγνεται
2125 585 2390 673 μακράν
2433 588 2601 653 οὕτω

522 690 648 776 τήν
695 689 852 757 ὁδὸν
899 695 962 766 ἐξ
990 688 1273 778 ’Ἁργους
1318 695 1381 764 ἐς
1426 691 1696 775 Λέρναν
1709 718 1736 772 ,·
1808 691 1970 774 ΤΡ]
1982 693 2061 758 Τ.
2127 688 2333 778 μόνη·
2396 692 2603 757 πολυ-

525 793 749 877 δίψιον
796 793 866 860 δὲ
908 792 985 859 τό
1018 792 1280 881 ’Ἀργος,
1332 791 1417 868 ὡς
1464 792 1694 860 οἶσθα·
1752 795 1914 860 ὥστε
1959 792 2210 882 ἀνάγκη
2258 795 2359 861 ἀεὶ
2403 793 2603 880 ὑδρο-

384 937 442 958 »
522 910 769 984 φορεῖν.
863 897 1088 964 ΠΟΣ.
1164 892 1211 962 ὦ
1269 896 1544 983 Τρίτων,
1611 897 1686 964 οῦ
1747 898 2023 984 μετρίως
2084 896 2459 984 διετάραξάς
2514 922 2604 983 με
2669 963 2672 966 ,

521 998 720 1067 εἰπὼν
757 1000 840 1067 τοὶ
870 1001 1161 1087 περὶτῆς
1185 998 1447 1076 παιδός·
1500 1003 1662 1068 ὥστε
1690 1004 1894 1088 ἴωμεν
1922 1006 2023 1068 ἐπ’
2049 1002 2280 1087 αὐτήν.
2344 1004 2507 1071 ΤΡ]
2517 1005 2595 1069 Τ.

523 1106 748 1189 ἴωμεν·
819 1103 949 1189 ἤδη
1027 1110 1187 1192 γοῦν
1264 1103 1485 1189 καιρὸς
1541 1112 1661 1191 τῆς
1716 1103 2134 1192 ὑδροφορίας,
2214 1108 2321 1171 καὶ
2380 1104 2600 1194 σχεδόν

522 1232 659 1273 που
717 1207 882 1274 κατὰ
939 1210 1156 1293 μέσην
1199 1204 1320 1291 τῆν
1367 1206 1530 1274 ὁδόν
1576 1214 1750 1276 ἐστιν
1796 1213 1987 1277 ἰοῦσα
2032 1214 2096 1285 ἐς
2140 1209 2265 1295 τῆν
2306 1211 2595 1296 Λέρναν.

522 1311 599 1377 Π
605 1312 745 1378 ΟΣ.
800 1310 1042 1377 οὐκοῦν
1085 1315 1306 1391 ζεῦξον
1349 1308 1424 1377 τὰ
1473 1313 1682 1398 ἅρμα·
1731 1313 1776 1398 ἦ
1819 1320 2016 1381 τοῦτο
2046 1318 2175 1400 μὲν
2204 1311 2451 1399 πολλὴν
2484 1319 2604 1403 ἔχει

520 1412 641 1499 τῆν
701 1413 1043 1501 διατριβήν
1102 1412 1382 1503 ὑπάγειν
1434 1413 1589 1490 τοῦς
1651 1421 1896 1491 ἵππους
1951 1423 2034 1506 τῇ
2095 1415 2319 1507 ζεύγλῃ
2378 1418 2484 1483 καὶ
2526 1414 2601 1483 τὸ

522 1520 706 1604 ἅρμα
766 1516 1225 1598 ἐπισκευάζειν,
1294 1517 1374 1585 σύ
1430 1518 1491 1584 δ’
1555 1517 1711 1585 άλλά
1774 1518 2033 1607 δελφῖνά
2092 1520 2217 1607 μοί
2269 1545 2416 1587 τινα
2474 1527 2603 1588 τῶν

522 1620 732 1689 ὠκέων
774 1621 1232 1709 παράστησον·
1283 1619 1750 1709 ἐφιππάσομαι
1778 1622 1902 1712 γὰρ
1934 1629 2041 1689 ἐπ’
2073 1623 2273 1691 αὐτοῦ
2304 1623 2594 1713 τάχιστα.

382 1742 489 1797 304
535 1727 702 1794 ΤΡΙ
709 1729 788 1793 Τ.
843 1724 989 1793 ἰδού
1033 1730 1075 1769 ⁴*
1123 1751 1225 1792 σοι
1270 1724 1494 1793 οὑτοσί
1542 1725 1578 1792 ὃ
1612 1727 1926 1813 δελφίνων
1953 1725 2299 1803 ὠκύτατος.
2371 1728 2453 1795 Π
2456 1729 2595 1795 ΟΣ.

520 1809 593 1896 εὖ
634 1856 729 1919 γε,
781 1827 1278 1915 ἀπελαύνωμεν·
1331 1827 1404 1896 σύ
1457 1830 1526 1896 δὲ
1571 1830 1979 1920 παρανήχου,
2033 1827 2079 1898 ὦ
2138 1831 2412 1918 Τρίτων.
2484 1830 2602 1897 κά-

519 1933 710 2020 πειδῆ
760 1934 1103 2022 πάρεσμεν
1147 1940 1209 2010 ἐς
1246 1933 1370 2019 τὴν
1394 1937 1685 2022 Λέρναν,
1738 1933 1856 2024 ἐγώ
1886 1940 2010 2020 μὲν
2034 1933 2280 2023 λοχήσω
2308 1933 2599 2006 ἐνταῦθά

519 2062 677 2114 που,
731 2035 805 2105 σύ
856 2037 917 2103 δ’
951 2036 1340 2118 ἀποσκόπει,
1395 2036 1651 2106 ὁπόταν
1684 2041 1892 2128 αἴσθῃ
1923 2045 2334 2126 προσιοῦσαν
2366 2036 2595 2123 αὐτήν.

536 2144 704 2210 TPJ
711 2145 788 2209 T.
842 2144 1008 2227 αὕτη
1060 2167 1163 2211 σοι
1206 2143 1509 2228 πλησίον.
1608 2146 1669 2211 3.
1716 2142 1939 2210 ΠΟΣ.
1991 2141 2176 2227 καλή,
2226 2137 2274 2209 ὦ
2324 2143 2595 2228 Τρίτων,

658 2355 707 2408 2.
778 2355 923 2405 Ποσ.
965 2370 1050 2406 om
1083 2353 1145 2407 F.
1303 2354 1705 2422 παραγίγνεται
1740 2352 2048 2407 Dindorfius
2083 2370 2180 2424 pro
2214 2356 2595 2423 παραγίνεται.

661 2433 738 2496 εἷς
770 2442 999 2510 Λέρναν
1033 2440 1143 2504 ΩῈ,
1183 2434 1257 2496 εἷς
1291 2437 1396 2506 τὴν
1430 2442 1659 2509 Λέρναν
1696 2437 1761 2496 21.
1908 2444 2061 2508 Τριτ.
2086 2457 2171 2495 om
2187 2442 2248 2495 F.
2393 2439 2482 2493 ἀεὶ
2516 2458 2601 2495 om

522 2523 682 2583 91913'.
826 2522 1159 2594 διετάραξάς
1192 2547 1262 2594 με
1299 2524 1412 2592 1321,
1449 2546 1517 2594 με
1559 2523 1892 2595 διετάραξας
1918 2528 2014 2581 ΩΒ
2050 2530 2105 2581 et
2137 2545 2183 2582 v.
2324 2521 2497 2580 εἰπὼν
2529 2526 2600 2579 τὰ

518 2618 650 2682 περὶ
686 2612 785 2682 τῆς
818 2610 1023 2671 παιδὸς
1054 2612 1155 2673 BQ
1190 2617 1246 2670 eb
1278 2634 1325 2683 V,
1374 2612 1444 2667 τά
1482 2610 1576 2683 (τὰ
1613 2631 1697 2668 om
1732 2612 1849 2682 913¹)
1894 2620 2027 2683 περὶ
2061 2613 2159 2682 τῆς
2191 2610 2395 2672 παιδὸς
2430 2608 2602 2667 εἶπὼν

520 2700 674 2755 ΟΩΕ.
816 2699 896 2754 ἐπ’
939 2699 1129 2770 αὐτὴν]
1166 2699 1309 2773 πρὸς
1347 2699 1519 2769 αὐτὴν
1555 2702 1660 2757 CF.
1818 2698 1928 2769 ἤδη
1968 2701 2103 2771 γοῦν
2134 2700 2234 2760 1391
2269 2705 2325 2756 et
2355 2701 2601 2756 fortassis

519 2790 586 2850 Ω,
624 2784 732 2855 ἤδη
771 2787 877 2857 γάρ
916 2791 961 2844 F
996 2792 1052 2844 et
1085 2809 1132 2845 v.
1282 2787 1386 2856 τὴν
1423 2786 1744 2858 διατριβὴν]
1782 2787 1885 2854 τὴν
1920 2805 2005 2843 om
2038 2789 2150 2843 ΩΕ.
2312 2787 2600 2842 ἐπισκευά-

522 2872 662 2945 ζειν]
704 2873 1051 2938 ένσκευάζειν
1098 2875 1331 2931 Cobetus
1365 2876 1432 2930 V.
1471 2877 1533 2932 L.
1579 2893 1632 2945 p.
1672 2877 1774 2932 228
1809 2878 1866 2929 eb
1898 2875 2029 2930 ibid.
2067 2893 2119 2945 p.
2158 2878 2279 2932 282.
2436 2876 2499 2928 σὺ
2539 2871 2595 2928 δ’

517 3047 615 3108 pro
652 3029 714 3083 σὺ
755 3027 815 3084 δὲ
850 3031 1173 3087 DindorfiUS.
1334 3027 1729 3100 ἐφιππάσομαι
1773 3029 1872 3089 BQ
1919 3034 1974 3086 et
2019 3051 2067 3097 v,
2117 2982 2523 3101 άφιππάσομαι
2554 3032 2600 3086 F

522 3117 572 3186 (ε
607 3135 768 3188 supra
801 3135 890 3173 see
923 3137 1001 3183 m;
1037 3119 1116 3172 ita
1149 3115 1235 3188 F),
1285 3115 1694 3187 ἀφιππάσομαι
1726 3118 1837 3180 ΟΩ,
1890 3118 2032 3188 quod
2067 3118 2194 3173 olim
2226 3119 2459 3188 probavi.

522 3202 729 3274 οὑτοσὶ]
769 3194 928 3262 οὗτος
964 3204 1029 3262 21.
1174 3203 1203 3256 ὃ
1244 3201 1518 3272 δελφίνων
1555 3203 1894 3262 ὥκῦτατοςΒ
1925 3208 1981 3260 et
1996 3224 2044 3271 v,
2083 3202 2357 3274 δελφίνων
2393 3204 2423 3258 ὁ
2463 3203 2598 3257 ὠκύ-

518 3312 683 3351 τατος
715 3294 827 3359 ΩΒ,
877 3289 1152 3362 δελφίνων
1201 3289 1476 3349 ὠκύτατος
1511 3290 1578 3350 ἓῑ.
1728 3288 2324 3361 κάπειδὴ-Λέρναν]
2360 3292 2599 3359 Quaestt.

520 3379 649 3433 Luc.
684 3397 736 3450 p.
777 3380 893 3435 114.
1038 3377 1101 3431 σὺ
1142 3374 1202 3430 δὲ
1237 3376 1445 3444 mum,
1485 3377 1546 3431 σῦ
1588 3374 1643 3430 δ’
1683 3379 1803 3434 edd.
1839 3382 1968 3434 vett.
2110 3382 2234 3433 ante
2270 3377 2484 3432 ὁπόταν
2502 3380 2602 3449 (ita

518 3463 664 3523 BQF
710 3483 805 3536 pro
843 3463 996 3518 ὁπότ’
1051 3462 1138 3533 ἂν)
1182 3465 1311 3519 libri
1356 3482 1463 3519 non
1506 3466 1913 3536 interpungunt‚
1967 3483 2069 3535 quo
2115 3465 2431 3520 refelluntur
2474 3482 2599 3521 con-

515 3552 752 3622 jecturae
770 3553 1145 3607 Hemsterhusi
1179 3559 1273 3604 καὶ
1311 3550 1524 3605 ὁπόταν
1560 3555 1616 3607 et
1642 3553 1872 3623 prisfflna
1886 3569 2003 3606 mea
2020 3551 2099 3620 (in
2117 3553 2354 3619 Quaestt.
2374 3570 2425 3623 p.
2449 3551 2598 3620 105):

521 3637 735 3693 ὁπόταν
772 3637 827 3691 δ’
849 3668 936 3692 -.
1010 3641 1319 3695 reticentiae
1353 3639 1528 3709 figura
1576 3643 1660 3694 est
1693 3640 1788 3693 illa
1821 3639 2033 3709 quidem
2065 3640 2303 3694 Luciano
2336 3639 2598 3709 frequenS,

520 3727 614 3781 sed
655 3726 829 3782 aliena
873 3726 938 3781 ab
983 3727 1037 3781 h.
1074 3727 1127 3793 1.,
1173 3726 1232 3781 in
1279 3742 1383 3796 quo
1434 3724 1749 3779 ἀποσκόπει
1794 3724 2006 3779 ὁπόταν
2054 3727 2338 3781 cohaerent
2389 3725 2600 3796 syntaxi

519 3814 698 3879 attica,
748 3813 895 3869 velut
938 3830 1020 3884 ap.
1059 3813 1335 3883 Aristoph.
1372 3813 1580 3868 Eches,
1618 3815 1749 3869 634:
1804 3812 2058 3884 ἐπιτήρει
2094 3810 2595 3884 ὅταν-παραδῶ.

517 3900 653 3954 bene
687 3900 856 3969 igitur
886 3901 1095 3956 Bekker
1141 3918 1247 3955 non
1282 3900 1668 3970 interpungens
1702 3900 1970 3970 vulgatam
2001 3901 2282 3956 revooavit.
2422 3919 2598 3969 προσ-

520 3985 739 4054 ιοῦσαν]
780 3988 1096 4056 παριοῦσαν
1131 3989 1236 4055 CF,
1282 3986 1599 4058 ποριοῦσαν
1631 3989 1700 4040 Ω.
1866 3985 2039 4054 αὐτὴν
2087 3985 2232 4044 2191?
2267 3991 2324 4042 et
2355 4006 2389 4041 v
2440 3990 2601 4053 recte,

520 4073 615 4128 sed
647 4071 855 4139 ταύτην
888 4074 950 4129 Β.
1021 4092 1145 4131 eave
1175 4075 1304 4130 hine
1339 4074 1541 4129 scribas
1580 4072 1773 4145 ταύτῃ,
1830 4075 1935 4128 etsi
1969 4074 2026 4129 id
2062 4074 2126 4128 de
2160 4074 2275 4129 loeo
2310 4074 2510 4129 dicitur
2541 4075 2600 4128 in

520 4161 587 4215 D.
623 4162 690 4215 D.
727 4161 848 4227 XX,
882 4163 931 4217 5.
1076 4165 1228 4234 Τριτ.
1271 4159 1407 4226 αὕτη
1450 4179 1540 4214 σοι
1575 4158 1836 4230 πλησίον]
1869 4161 2002 4215 haee
2036 4177 2121 4215 om
2158 4158 2224 4218 21.
2551 4154 2558 4159 ’

647 4267 710 4320 ’3.
784 4263 967 4333 ὡραῖα
1000 4265 1109 4320 BF.
1272 4261 1686 4335 ἀλλά-ἐστιν]
1736 4266 1868 4320 haec
1908 4281 1993 4320 om
2023 4267 2092 4319 Ω.
2253 4262 2374 4331 ποῖ]
2410 4262 2489 4337 πῇ
2525 4261 2594 4321 21.

657 4372 729 4419 με
764 4350 1117 4424 συναρπάσας
1130 4349 1247 4416 BQ,
1289 4350 1645 4424 συναρπάσας
1677 4372 1748 4420 με
1770 4353 1881 4417 RF,
1914 4371 1985 4420 με
2023 4349 2376 4421 ξυναρπάσας
2408 4368 2458 4407 v.
