3099 5241
557 1344 660 1399 620
989 1342 1023 1380 *
1070 1341 1705 1410 ΚΑΤΑΠΛΟΥΣ
1762 1345 1850 1410 H
1917 1346 2476 1415 ΤΥΡΑΝΝΟΣ.

869 1638 925 1702 1.
998 1638 1225 1704 ΧΑΡ.
1300 1637 1488 1719 Εἶεν,
1541 1637 1589 1707 ὦ
1636 1643 1933 1720 Κλωθοῖ,
1983 1640 2059 1708 τὸ
2105 1646 2234 1725 μὲν
2282 1639 2541 1728 σκάφος
2591 1647 2795 1708 τοῦτο

691 1736 854 1823 ἡμῖν
899 1736 1104 1805 πάλαι
1149 1741 1451 1828 εὐτρεπὲς
1496 1747 1601 1809 καὶ
1647 1744 1813 1831 πρὸς
1861 1745 2207 1835 ἀναγωγήν
2243 1741 2312 1812 εὖ
2350 1744 2538 1832 μάλα
2583 1771 2797 1832 παρε-

695 1848 1163 1929 σκευασμένον.
1261 1849 1298 1913 ὅ
1363 1875 1434 1914 τε
1489 1847 1614 1937 γάρ
1678 1849 1908 1925 ἄντλος
1963 1853 2280 1938 ἐκκέχυται
2339 1853 2445 1917 καὶ
2510 1850 2548 1917 ὃ
2618 1847 2797 1922 ἱστὸς

694 1945 998 2032 ὤρθωται
1043 1952 1149 2015 καὶ
1207 1949 1248 2035 ἡ
1311 1949 1529 2037 ὀθόνη
1592 1956 2154 2040 παρακέκρουσται
2210 1955 2316 2020 καὶ
2371 1962 2503 2022 τῶν
2549 1959 2794 2020 κωπῶν

554 2054 654 2110 621
694 2049 932 2138 ἑκάστη
979 2055 1013 2093 *
1056 2053 1479 2141 τετρόπωται,
1544 2055 1767 2124 κωλύει
1824 2084 1899 2124 τε
1946 2059 2160 2139 οὐδὲν,
2227 2061 2390 2126 ὅσον
2444 2058 2552 2125 ἐπ’
2611 2057 2783 2144 ἐμοὶ,

693 2153 771 2222 τὸ
852 2155 1156 2245 ἀγκύριον
1240 2159 1764 2238 ἀνασπάσαντας
1835 2161 2180 2231 ἀποπλεῖν.
2299 2163 2333 2229 ὁ
2405 2165 2476 2230 δὲ
2514 2156 2791 2248 *Ερμῆς

692 2260 1026 2348 βραδύνει,
1089 2260 1295 2329 πάλαι
1352 2279 1658 2349 παρεῖναι
1716 2267 1889 2334 δέον.
2001 2265 2192 2333 κενὸν
2247 2262 2369 2334 οὖν
2423 2270 2780 2354 ἐπιβατῶν,

698 2365 781 2441 ὡς
842 2365 1020 2453 ὁρᾷς,
1086 2372 1218 2435 ἔστι
1273 2368 1348 2436 τὸ
1408 2379 1788 2457 πορθμεῖον
1833 2371 1971 2458 τρὶς
2014 2371 2143 2457 ἥδη
2190 2371 2487 2457 τήμερον
2531 2371 2786 2437 ἀναπε-

834 2559 873 2629 i}
907 2559 1174 2632 τύραννος
1208 2560 1334 2614 libri
1372 2578 1573 2632 omnes,
1624 2572 1713 2615 καὶ
1753 2564 2019 2633 τύραννος
2061 2564 2256 2618 lemma
2290 2563 2501 2618 scholii.
2574 2556 2784 2616 numeri

696 2649 886 2702 insunt
920 2652 973 2701 et
1007 2650 1315 2718 frequentes
1351 2666 1523 2718 neque
1561 2653 1624 2705 ut
1658 2651 1781 2704 aliis
1827 2653 1887 2705 in
1923 2652 2148 2720 dialogis
2201 2651 2457 2721 dactylici
2506 2652 2604 2705 sed
2651 2648 2780 2702 iam-

697 2735 808 2788 bici
860 2752 1060 2805 omneS‚
1116 2736 1152 2789 i.
1197 2753 1243 2791 e.
1293 2738 1465 2791 frusta
1517 2738 1898 2807 trimetrorum,
1955 2741 2019 2792 ut
2070 2739 2376 2793 Theodorus
2427 2738 2578 2793 filius
2633 2747 2781 2789 meus

698 2823 1021 2877 observavit.
1107 2840 1382 2893 quumque
1435 2824 1547 2877 leni
1601 2826 1897 2879 mutatione
1945 2826 2178 2879 trimetri
2231 2826 2428 2893 integri
2481 2823 2780 2886 nascantur,

699 2909 940 2978 suspicio
977 2912 1062 2964 est
1094 2910 1151 2963 in
1190 2910 1406 2979 Cataplo
1443 2912 1699 2965 nonnulla
1733 2913 1798 2966 ab
1834 2913 2057 2967 comicis
2093 2912 2320 2981 repetita
2354 2928 2489 2965 esse.
2544 2913 2779 2966 ceterum

697 2996 756 3049 in
792 2997 1194 3052 Vindobonensi
1241 2997 1289 3050 B
1344 2996 1594 3065 Cataplus
1640 3000 1807 3053 deest.
1891 3016 1996 3068 quo
2045 2999 2169 3068 plus
2216 3000 2397 3053 tribuo
2443 2999 2582 3052 meis
2628 2993 2779 3050 libris

697 3084 958 3138 Vaticano
984 3089 1050 3143 87
1078 3083 1194 3155 (21),
1231 3083 1540 3139 Florentino
1568 3091 1634 3144 70
1661 3086 1781 3156 (‹!›)‚
1819 3087 2088 3140 Marciano
2111 3092 2216 3144 434
2241 3087 2327 3156 (Ω)
2361 3086 2417 3139 et
2451 3101 2588 3154 quos
2624 3082 2777 3137 etiam

696 3171 996 3225 Jacobitius
1030 3170 1222 3225 habuit
1258 3170 1559 3225 Gorlieensi
1597 3172 1694 3244 (A)
1731 3175 1786 3227 et
1823 3167 2238 3243 Guelferbytano
2276 3173 2383 3244 (F).

841 3264 887 3315 1.
957 3263 1133 3312 XAP.
1194 3273 1281 3311 om
1334 3275 1379 3312 a.
1558 3260 1816 3330 Κλωθοῖ]
1872 3259 2092 3313 Κλωθώ
2147 3260 2344 3314 lemma
2396 3259 2610 3314 scholii.

624 3412 627 3415 ἢ
1089 3367 1120 3398 τ

700 3416 978 3486 εὐτρεπὲς]
1019 3414 1289 3484 εὖπρεπὲς
1324 3417 1389 3484 A,
1431 3415 1701 3487 εὐπρεπὲς
1736 3417 1796 3485 F,
1835 3417 1931 3486 qui
1965 3434 2093 3471 mox
2131 3417 2419 3485 ὤρθωται.
2599 3431 2775 3479 παρα·

697 3509 1027 3572 κέκρουοται
1076 3504 1288 3557 codices
1332 3506 1386 3557 et
1420 3505 1537 3557 edd.
1578 3506 1786 3572 praeter
1821 3505 1858 3557 d
1895 3521 2028 3573 quae
2080 3508 2583 3572 παρακκέρουσται.
2660 3495 2773 3553 vul-

698 3592 873 3661 gatam
910 3590 1063 3659 quasi
1100 3591 1318 3644 atticam
1367 3591 1658 3645 scholiasta
1704 3591 1903 3644 diserte
1952 3593 2135 3644 tuetur
2181 3592 2364 3659 itaque
2411 3588 2672 3657 explicat:
2717 3582 2772 3636 τὸ

697 3679 801 3747 τὴν
836 3677 1053 3745 ὀθόνην
1088 3682 1154 3752 τῇ
1195 3682 1392 3747 κεραίᾳ
1431 3677 1747 3749 συμβαλεῖν.
1827 3677 2081 3746 equidem
2128 3678 2192 3731 ab
2229 3677 2473 3731 Luciano
2519 3676 2771 3744 scriptum

697 3781 817 3820 esse
861 3765 1114 3819 arbitror:
1160 3769 1673 3835 παρεγκέκροι·σται
1724 3765 1866 3840 (scil.
1917 3767 1984 3840 τῇ
2025 3767 2263 3834 κεραίᾳ),
2311 3766 2366 3818 h.
2413 3780 2459 3816 e.
2511 3764 2773 3830 ‚antennae

699 3854 1012 3908 subnectere
1037 3852 1253 3907 velum‘.
1310 3853 1562 3907 similiter
1585 3856 1744 3921 atque
1784 3853 2068 3922 ἐγκρούων
2106 3852 2249 3906 dixit
2287 3851 2570 3922 ἓγκροιεῖν
2603 3845 2772 3902 Philo·

699 3941 902 3994 stratus
927 3935 1052 3992 'Vit
1102 3940 1345 4008 Apollon.
1382 3940 1453 4008 II,
1492 3946 1561 3999 20
1596 3957 1648 4009 p.
1687 3945 1756 3997 33
1792 3940 1874 3993 ed.
1912 3938 1980 3992 K.
2173 3939 2526 4006 τετρόπωται
2574 3952 2662 3990 0111
2711 3935 2770 3992 Φ,

699 4044 794 4097 pro
829 4043 893 4081 eo
925 4015 1292 4096 ’τετρώπωται
1325 4027 1392 4080 A.
1509 4049 1514 4056 ⁴
1571 4027 1770 4081 κωλύει
1795 4028 1874 4096 τε]
1915 4025 2115 4080 κωλύει
2153 4024 2212 4079 δὲ
2239 4025 2283 4079 F
2305 4024 2472 4080 Solus.
2656 4020 2772 4075 ἀνα-

704 4135 1167 4254 undecimas—(sie)
1203 4188 1269 4235 (Ι).
1454 4184 1481 4237 ὁ
1524 4181 1583 4237 δὲ
1625 4182 1872 4250 ΦΩΑΟἘ,
1913 4182 1942 4235 ὁ
1986 4181 2041 4235 δ’
2084 4183 2131 4240 21
2167 4185 2222 4237 et
2255 4200 2308 4242 V,
2487 4180 2649 4233 κενὸν
2690 4166 2777 4231 οὖν

700 4271 925 4339 Bekker,
960 4270 1086 4323 libri
1125 4272 1286 4323 κενὸν
1319 4271 1469 4339 γοῦν.
1655 4271 1937 4340 ἐπιβατῶν
1974 4270 2047 4327 ὡς
2084 4270 2221 4338 ὁρᾷς
2257 4269 2369 4322 ἐστὶ
2402 4263 2627 4331 'ACMQ
2671 4267 2772 4321 ἑπι-

702 4359 891 4428 βατῶν
928 4357 1075 4411 ἐστὶν
1113 4357 1184 4416 ὡς
1222 4357 1359 4427 ὁρᾷς
1397 4357 1509 4426 ΦΕ,
1551 4357 1624 4416 ὡς
1662 4357 1797 4424 ὁρᾷς
1834 4356 2118 4425 ἐπιβατῶν
2156 4360 2261 4423 (om
2299 4355 2436 4425 furi)
2477 4355 2541 4423 Ἡ,
2595 4355 2772 4425 ἐπιβα-

703 4447 817 4499 τῶν
866 4446 937 4503 ὡς
986 4445 1122 4515 ὁρᾷς
1172 4447 1285 4515 (om
1323 4444 1460 4514 ἐστὶ)
1499 4463 1552 4499 v.
1745 4445 1883 4512 τρὶς]
1934 4448 2084 4513 τρεῖς
2119 4443 2164 4497 F
2198 4460 2261 4512 pr
2294 4460 2363 4498 m.
2566 4441 2768 4496 σε’·δέπω
