3099 5241
1207 348 1307 406 AD
1357 348 1755 407 mmmmm.
2065 316 2072 321 ’
2125 402 2140 409 ,
2396 345 2530 406 m

1134 703 1145 707 ,
1318 628 1524 713 Caput
1568 628 1654 695 II.

1036 754 1145 817 De
1191 753 1540 819 Luciani
1585 753 1936 817 Timone.

654 943 881 1007 Timon
940 943 1350 1013 Atheniensis
1411 944 1714 1026 quamdiu
1772 942 2021 1018 vixerit,
2092 960 2125 1004 e
2172 939 2527 1024 Lysistrata

433 1046 892 1128 Aristophanis
935 1046 1165 1129 partim
1211 1048 1494 1131 intelligi
1536 1050 1769 1130 potest,
1817 1063 2010 1129 quam
2070 1043 2356 1110 fabulam
2423 1046 2523 1112 01.

437 1152 551 1229 92,
601 1151 857 1214 1=412
902 1152 1140 1217 scimus
1187 1153 1424 1217 editam
1471 1169 1631 1217 esse.
1720 1168 1872 1217 nam
1929 1151 2048 1215 hoc
2091 1167 2258 1215 anno
2304 1150 2523 1215 Timo·

437 1274 596 1319 nem
634 1254 771 1337 jam
816 1259 1140 1320 mortuum
1183 1256 1405 1334 fuisse,
1465 1275 1498 1320 e
1543 1250 1808 1338 Lysistr.
1855 1274 1913 1319 v.
1960 1254 2309 1320 808-820
2351 1258 2526 1320 certo

439 1359 752 1440 sequitur,
799 1378 997 1441 quam
1040 1378 1177 1425 rem
1223 1360 1539 1444 Bergkius
1585 1361 1682 1424 De
1727 1358 2023 1425 Comoed.
2071 1359 2289 1440 Antiq.
2313 1377 2373 1443 p.
2397 1358 2522 1423 371

440 1481 574 1527 non
617 1463 868 1527 videtur
913 1465 1457 1530 animadvertisse.
1549 1467 1968 1530 veruntamen
2000 1481 2126 1528 non
2150 1462 2356 1527 multo
2381 1466 2530 1528 ante

442 1567 549 1632 Ol.
599 1567 704 1644 92,
754 1566 788 1630 1
840 1567 1174 1634 Timonem
1219 1569 1571 1635 decessisse
1616 1569 1872 1633 indiciis
1912 1570 2093 1650 patet
2128 1567 2299 1632 haud
2321 1566 2527 1633 ambi-

444 1671 616 1753 guis,
664 1672 778 1735 sed
803 1672 1165 1736 ‘mulierum
1210 1690 1459 1737 osorem
1488 1672 1688 1737 fuisse
1713 1672 2046 1738 Timonem
2070 1671 2528 1755 Aristophanes

440 1775 685 1839 ibidem
744 1795 805 1840 v.
865 1775 996 1841 820
1036 1779 1253 1860 negat,
1319 1794 1525 1859 neque
1581 1777 1772 1843 aliter
1827 1775 2149 1841 Lucianus
2209 1777 2406 1842 sentit
2463 1778 2528 1842 in

446 1879 722 1944 Timone
768 1877 913 1959 §12
959 1881 1125 1944 med.
1173 1880 1369 1946 immo
1414 1884 1751 1962 propterea
1792 1880 1860 1945 in
1884 1880 2294 1946 solitudinem
2319 1879 2528 1946 abisse

442 1983 683 2048 Timon
741 2002 799 2048 v.
859 1983 986 2048 815
1047 2002 1182 2066 sqq.
1244 1985 1495 2063 dicitur,
1565 1987 1731 2068 quod
1800 1986 1941 2049 odio
1997 1984 2292 2049 habuerit
2338 1986 2528 2061 ,viros

442 2086 813 2170 improbos&
916 2090 1061 2170 post
1118 2088 1616 2171 Aristophanem
1676 2091 1932 2154 demum
1989 2090 2180 2154 multi
2240 2089 2530 2154 dixerunt

441 2192 801 2258 amisorum
843 2192 1240 2275 ingratorum
1282 2193 1539 2275 injuriis
1586 2193 1917 2258 Timonem
1963 2192 2297 2258 obfensum
2320 2211 2528 2259 seces-

442 2297 663 2361 sisse..
735 2299 1020 2362 ceterum
1085 2283 1535 2378 Aristophanis
1605 2315 1859 2362 carmen
1923 2316 1982 2361 v.
2054 2298 2090 2360 7
2096 2292 2394 2362 81-828
2464 2301 2529 2362 et

444 2398 846 2483 strophicum
891 2405 991 2465 est
1036 2404 1102 2465 et
1146 2419 1296 2465 vero
1343 2400 1778 2466 amoebaeum.
1870 2403 1935 2465 et
1988 2402 2054 2465 in
2114 2400 2529 2484 antistrophis

444 2506 710 2588 quidem
767 2522 914 2570 cum
972 2523 1208 2589 magna
1250 2524 1662 2573 numerorum
1707 2504 2098 2587 aequalitate
2142 2523 2331 2588 saepe
2377 2523 2527 2571 con-

437 2608 674 2694 juncta
722 2612 822 2675 est
867 2609 1064 2675 etiam
1107 2608 1446 2675 verborum
1491 2608 1756 2691 sonique
1800 2609 2001 2692 ipsius
2033 2609 2196 2675 mira
2218 2609 2528 2693 quaedam

443 2715 823 2780 similitudo.
914 2715 982 2778 in
1025 2713 1390 2780 amocbaeis
1435 2733 1585 2779 vero
1629 2716 1713 2779 ad
1755 2714 1922 2779 hanc
1965 2716 2106 2779 soni
2150 2714 2530 2780 convenien-

444 2819 610 2886 tiam
656 2820 721 2882 et
766 2816 1105 2883 verborum
1152 2819 1498 2883 eorundem
1540 2818 1986 2900 repetitionem
2022 2818 2322 2884 accedere
2346 2818 2533 2884 debet

445 2922 918 2988 sententiarum
958 2941 1213 2987 summa
1257 2941 1451 3004 prope
1498 2922 1872 3004 aequalitas,
1936 2923 2120 3006 cujus
2179 2923 2337 2987 haec
2394 2926 2531 2988 erat

444 3028 553 3091 lex
596 3027 864 3105 sancita,
908 3030 983 3091 ut
1028 3027 1139 3108 qui
1184 3029 1406 3092 cantor
1429 3027 1855 3108 responderet,
1901 3026 2251 3092 simillimis
2274 3029 2531 3091 senten-.-

444 3132 560 3196 tiis
603 3131 810 3195 multo
853 3130 1097 3213 majore
1143 3149 1291 3196 cum
1333 3131 1398 3196 vi
1445 3130 1897 3196 demonstratis
1933 3148 2230 3213 superare
2256 3132 2531 3196 alterum

445 3238 514 3300 et
558 3235 811 3300 vincere
857 3236 1155 3301 studeret.
1245 3236 1312 3299 in
1355 3235 1524 3299 h'unc
1570 3253 1831 3300 censum
1876 3252 2071 3316 quum
2094 3235 2224 3299 alia
2247 3236 2528 3314 veniunt,

446 3344 591 3404 tum
636 3339 793 3404 haec
840 3340 1144 3418 carmina,
1189 3338 1515 3421 Aristoph.
1561 3340 1722 3416 Ran.
1766 3359 1828 3404 v.
1872 3338 2240 3418 221-267,
2306 3340 2530 3406 Horat.

447 3441 661 3508 Oarm.
707 3444 825 3523 ΠΙ,
870 3444 933 3522 9,
978 3443 1186 3509 multa
1232 3444 1500 3525 denique
1544 3442 1840 3508 bucolica
1876 3442 2217 3520 Theocriti,
2264 3444 2534 3528 Vergili,

448 3547 776 3629 Calpurni.
866 3549 934 3613 in
956 3548 1354 3630 Lysistratae
1400 3548 1599 3630 igitur
1633 3548 1917 3612 carmine
1941 3548 2281 3614 amoebaeo
2308 3563 2532 3615 senum

448 3652 680 3718 chorus
737 3651 823 3716 ab.
875 3671 936 3716 v.
999 3651 1121 3731 781
1181 3651 1616 3716 Melanionem
1676 3651 1832 3716 dicit
1887 3651 2200 3736 singulari
2258 3653 2530 3735 quodam

447 3757 795 3821 mulierum
839 3756 982 3822 odio
1029 3756 1360 3821 incensum
1405 3755 1624 3820 fuisse.
1715 3758 1784 3819 at
1826 3759 2261 3828 matronarum
2283 3757 2533 3822 chorus

448 3863 518 3926 in
562 3860 961 3943 antistrophe
1007 3860 1086 3924 ab
1133 3881 1193 3926 v.
1238 3860 1386 3939 805,
1434 3864 1506 3925 ut
1551 3863 1879 3942 acceptam
1923 3880 2070 3925 rem
2115 3861 2532 3927 cumulatiore

447 3984 750 4032 mensura
821 3966 1066 4043 reddat,
1131 3965 1466 4029 Timonem
1525 3964 1804 4030 ostendit
1862 3963 1929 4029 in‘
1974 3965 2317 4031 solitudine
2364 3966 2533 4032 viros

447 4065 772 4154 improbos
818 4070 1211 4138 interneciuo
1260 4067 1403 4135 odio
1448 4072 1857 4152 persecutum
1903 4065 2093 4152 atque
2151 4071 2305 4135 a'deo
2354 4090 2533 4136 exse-

449 4176 623 4241 crari.
672 4175 942 4246 solitum
1001 4174 1221 4252 fuisse,
1279 4163 1779 4257 quumquidem
1819 4174 2122 4248 mulieres
2168 4174 2375 4239 eidem
2421 4175 2532 4239 Ti-

444 4281 626 4346 moni
670 4281 891 4346 essent
930 4279 999 4344 in
1045 4278 1391 4345 amoribus.
1483 4280 1596 4344 sed
1638 4283 1713 4343 ut
1756 4278 1838 4343 ad
1888 4277 2148 4361 singula
2190 4282 2533 4356 transeam,

1134 4379 1149 4392 .
2049 4380 2117 4436 2*
