<?xml version="1.0" encoding="UTF-8"?>
<!DOCTYPE html PUBLIC "-//W3C//DTD XHTML 1.0 Transitional//EN"
    "http://www.w3.org/TR/xhtml1/DTD/xhtml1-transitional.dtd">
<html xmlns="http://www.w3.org/1999/xhtml" xml:lang="en" lang="en">
 <head>
  <title>
</title>
<meta http-equiv="Content-Type" content="text/html;charset=utf-8" />
  <meta name='ocr-system' content='tesseract 3.04.00' />
  <meta name='ocr-capabilities' content='ocr_page ocr_carea ocr_par ocr_line ocrx_word'/>
</head>
<body>
  <div class='ocr_page' id='page_1' title='image "./lucianussamosat01fritgoog_0201.png"; bbox 0 0 3099 5241; ppageno 0'>
   <div class='ocr_carea' id='block_1_1' title="bbox 1361 383 2528 469">
    <p class='ocr_par' dir='ltr' id='par_1_1' title="bbox 1361 383 2528 469">
     <span class='ocr_line' id='line_1_1' title="bbox 1361 383 2528 469; baseline -0.012 0"><span class='ocrx_word' id='word_1_1' title='bbox 1361 416 1618 469; x_wconf 71' lang='lat' dir='ltr'><strong><em>&#39;mmm</em></strong></span> <span class='ocrx_word' id='word_1_2' title='bbox 2384 383 2528 456; x_wconf 81' lang='lat'><strong><em>153</em></strong></span> 
     </span>
    </p>
   </div>
   <div class='ocr_carea' id='block_1_2' title="bbox 451 584 2677 1504">
    <p class='ocr_par' dir='ltr' id='par_1_2' title="bbox 451 584 2677 1504">
     <span class='ocr_line' id='line_1_2' title="bbox 451 584 2531 675; baseline -0.003 -17"><span class='ocrx_word' id='word_1_3' title='bbox 451 588 613 659; x_wconf 80' lang='grc' dir='ltr'><strong><em>κύνα</em></strong></span> <span class='ocrx_word' id='word_1_4' title='bbox 659 587 832 675; x_wconf 75' lang='grc' dir='ltr'><strong><em>μήτε</em></strong></span> <span class='ocrx_word' id='word_1_5' title='bbox 879 585 1088 673; x_wconf 72' lang='grc' dir='ltr'><strong><em>αὐτὴν</em></strong></span> <span class='ocrx_word' id='word_1_6' title='bbox 1132 586 1491 654; x_wconf 78' lang='grc' dir='ltr'><strong><em>ἐσθίουσαν</em></strong></span> <span class='ocrx_word' id='word_1_7' title='bbox 1535 593 1669 655; x_wconf 82' lang='grc' dir='ltr'><strong><em>τῶν</em></strong></span> <span class='ocrx_word' id='word_1_8' title='bbox 1712 591 1981 673; x_wconf 84' lang='grc' dir='ltr'><strong><em>κριθῶν,</em></strong></span> <span class='ocrx_word' id='word_1_9' title='bbox 2031 584 2204 672; x_wconf 57' lang='grc' dir='ltr'><strong><em>μήτε</em></strong></span> <span class='ocrx_word' id='word_1_10' title='bbox 2231 592 2316 675; x_wconf 81' lang='grc' dir='ltr'><strong><em>τῷ</em></strong></span> <span class='ocrx_word' id='word_1_11' title='bbox 2353 592 2531 674; x_wconf 79' lang='grc' dir='ltr'><strong><em>ἵππῳ</em></strong></span> 
     </span>
     <span class='ocr_line' id='line_1_3' title="bbox 452 692 2535 780; baseline -0.002 -20"><span class='ocrx_word' id='word_1_12' title='bbox 452 700 758 761; x_wconf 78' lang='grc' dir='ltr'><strong><em>πεινῶντι</em></strong></span> <span class='ocrx_word' id='word_1_13' title='bbox 823 694 1327 779; x_wconf 75' lang='grc' dir='ltr'><strong><em>ἐπιτρέπουσαν.</em></strong></span> <span class='ocrx_word' id='word_1_14' title='bbox 1422 692 1529 756; x_wconf 77' lang='grc' dir='ltr'><strong><em>καὶ</em></strong></span> <span class='ocrx_word' id='word_1_15' title='bbox 1583 692 1852 777; x_wconf 82' lang='grc' dir='ltr'><strong><em>προσέτι</em></strong></span> <span class='ocrx_word' id='word_1_16' title='bbox 1903 717 1979 780; x_wconf 91' lang='grc' dir='ltr'><strong><em>γε</em></strong></span> <span class='ocrx_word' id='word_1_17' title='bbox 2030 692 2137 757; x_wconf 81' lang='grc' dir='ltr'><strong><em>καὶ</em></strong></span> <span class='ocrx_word' id='word_1_18' title='bbox 2194 692 2535 779; x_wconf 81' lang='grc' dir='ltr'><strong><em>κατεγέλας</em></strong></span> 
     </span>
     <span class='ocr_line' id='line_1_4' title="bbox 456 793 2676 885; baseline -0.003 -20"><span class='ocrx_word' id='word_1_19' title='bbox 456 798 670 865; x_wconf 83' lang='grc' dir='ltr'><strong><em>αὐτῶν</em></strong></span> <span class='ocrx_word' id='word_1_20' title='bbox 715 797 1125 885; x_wconf 81' lang='grc' dir='ltr'><strong><em>φειδομένων</em></strong></span> <span class='ocrx_word' id='word_1_21' title='bbox 1167 798 1273 862; x_wconf 78' lang='grc' dir='ltr'><strong><em>καὶ</em></strong></span> <span class='ocrx_word' id='word_1_22' title='bbox 1333 800 1374 837; x_wconf 64' lang='lat'><strong><em>⁴*</em></strong></span> <span class='ocrx_word' id='word_1_23' title='bbox 1439 793 1893 882; x_wconf 83' lang='grc' dir='ltr'><strong><em>φυλαττόντων</em></strong></span> <span class='ocrx_word' id='word_1_24' title='bbox 1960 797 2066 861; x_wconf 75' lang='grc' dir='ltr'><strong><em>καὶ</em></strong></span> <span class='ocrx_word' id='word_1_25' title='bbox 2108 793 2184 860; x_wconf 82' lang='grc' dir='ltr'><strong><em>τὸ</em></strong></span> <span class='ocrx_word' id='word_1_26' title='bbox 2229 793 2537 862; x_wconf 85' lang='grc' dir='ltr'><strong><em>καινότα-</em></strong></span> <span class='ocrx_word' id='word_1_27' title='bbox 2574 805 2676 859; x_wconf 90' lang='grc'><strong><em>124</em></strong></span> 
     </span>
     <span class='ocr_line' id='line_1_5' title="bbox 452 896 2535 987; baseline -0.003 -17"><span class='ocrx_word' id='word_1_28' title='bbox 452 927 595 977; x_wconf 92' lang='grc' dir='ltr'><strong><em>τον,</em></strong></span> <span class='ocrx_word' id='word_1_29' title='bbox 648 899 887 976; x_wconf 79' lang='grc' dir='ltr'><strong><em>αὑτούς</em></strong></span> <span class='ocrx_word' id='word_1_30' title='bbox 932 897 1497 986; x_wconf 81' lang='grc' dir='ltr'><strong><em>ζηλοτυπούντων,</em></strong></span> <span class='ocrx_word' id='word_1_31' title='bbox 1549 897 1965 987; x_wconf 80' lang='grc' dir='ltr'><strong><em>ἀγνοούντων</em></strong></span> <span class='ocrx_word' id='word_1_32' title='bbox 2013 897 2083 965; x_wconf 80' lang='grc' dir='ltr'><strong><em>δὲ</em></strong></span> <span class='ocrx_word' id='word_1_33' title='bbox 2129 897 2212 973; x_wconf 81' lang='grc' dir='ltr'><strong><em>ὡς</em></strong></span> <span class='ocrx_word' id='word_1_34' title='bbox 2249 896 2535 984; x_wconf 85' lang='grc' dir='ltr'><strong><em>κατάρα-</em></strong></span> 
     </span>
     <span class='ocr_line' id='line_1_6' title="bbox 455 1000 2538 1090; baseline -0.002 -16"><span class='ocrx_word' id='word_1_35' title='bbox 455 1033 569 1083; x_wconf 89' lang='grc' dir='ltr'><strong><em>τος</em></strong></span> <span class='ocrx_word' id='word_1_36' title='bbox 637 1006 884 1090; x_wconf 80' lang='grc' dir='ltr'><strong><em>οἰκέτης</em></strong></span> <span class='ocrx_word' id='word_1_37' title='bbox 943 1004 987 1090; x_wconf 81' lang='grc' dir='ltr'><strong><em>ἢ</em></strong></span> <span class='ocrx_word' id='word_1_38' title='bbox 1046 1002 1398 1089; x_wconf 80' lang='grc' dir='ltr'><strong><em>οἰκονόμος</em></strong></span> <span class='ocrx_word' id='word_1_39' title='bbox 1456 1000 1786 1089; x_wconf 83' lang='grc' dir='ltr'><strong><em>πεδότριψ</em></strong></span> <span class='ocrx_word' id='word_1_40' title='bbox 1841 1000 2153 1069; x_wconf 74' lang='grc' dir='ltr'><strong><em>ὑπεισιὼν</em></strong></span> <span class='ocrx_word' id='word_1_41' title='bbox 2207 1003 2538 1088; x_wconf 77' lang='grc' dir='ltr'><strong><em>λαθραίως</em></strong></span> 
     </span>
     <span class='ocr_line' id='line_1_7' title="bbox 455 1105 2538 1198; baseline -0.002 -20"><span class='ocrx_word' id='word_1_42' title='bbox 455 1108 955 1198; x_wconf 75' lang='grc' dir='ltr'><strong><em>ἐμπαροινήσει,</em></strong></span> <span class='ocrx_word' id='word_1_43' title='bbox 1005 1106 1121 1174; x_wconf 82' lang='grc' dir='ltr'><strong><em>τὸν</em></strong></span> <span class='ocrx_word' id='word_1_44' title='bbox 1166 1107 1621 1192; x_wconf 79' lang='grc' dir='ltr'><strong><em>κακοδαίμονα</em></strong></span> <span class='ocrx_word' id='word_1_45' title='bbox 1664 1108 1771 1173; x_wconf 79' lang='grc' dir='ltr'><strong><em>καὶ</em></strong></span> <span class='ocrx_word' id='word_1_46' title='bbox 1816 1105 2173 1193; x_wconf 76' lang='grc' dir='ltr'><strong><em>ἀνέραστον</em></strong></span> <span class='ocrx_word' id='word_1_47' title='bbox 2206 1105 2538 1192; x_wconf 74' lang='grc' dir='ltr'><strong><em>δεσπότην</em></strong></span> 
     </span>
     <span class='ocr_line' id='line_1_8' title="bbox 456 1208 2536 1301; baseline -0.003 -19"><span class='ocrx_word' id='word_1_48' title='bbox 456 1213 624 1301; x_wconf 80' lang='grc' dir='ltr'><strong><em>πρὸς</em></strong></span> <span class='ocrx_word' id='word_1_49' title='bbox 670 1211 976 1299; x_wconf 81' lang='grc' dir='ltr'><strong><em>ἀμαυρόν</em></strong></span> <span class='ocrx_word' id='word_1_50' title='bbox 1020 1238 1082 1278; x_wconf 88' lang='grc' dir='ltr'><strong><em>τι</em></strong></span> <span class='ocrx_word' id='word_1_51' title='bbox 1125 1213 1232 1277; x_wconf 80' lang='grc' dir='ltr'><strong><em>καὶ</em></strong></span> <span class='ocrx_word' id='word_1_52' title='bbox 1262 1208 1714 1297; x_wconf 79' lang='grc' dir='ltr'><strong><em>μικρόστομον</em></strong></span> <span class='ocrx_word' id='word_1_53' title='bbox 1744 1210 2061 1300; x_wconf 81' lang='grc' dir='ltr'><strong><em>λυχνίδιον</em></strong></span> <span class='ocrx_word' id='word_1_54' title='bbox 2093 1213 2198 1276; x_wconf 78' lang='grc' dir='ltr'><strong><em>καὶ</em></strong></span> <span class='ocrx_word' id='word_1_55' title='bbox 2229 1211 2536 1295; x_wconf 82' lang='grc' dir='ltr'><strong><em>διψαλέον</em></strong></span> 
     </span>
     <span class='ocr_line' id='line_1_9' title="bbox 458 1310 2540 1404; baseline -0.002 -18"><span class='ocrx_word' id='word_1_56' title='bbox 458 1318 877 1404; x_wconf 81' lang='grc' dir='ltr'><strong><em>θρυαλλίδιον</em></strong></span> <span class='ocrx_word' id='word_1_57' title='bbox 940 1322 1382 1404; x_wconf 72' lang='grc' dir='ltr'><strong><em>ἐπαγρυπνεῖν</em></strong></span> <span class='ocrx_word' id='word_1_58' title='bbox 1437 1312 1635 1390; x_wconf 79' lang='grc' dir='ltr'><strong><em>ἐάσας</em></strong></span> <span class='ocrx_word' id='word_1_59' title='bbox 1691 1328 1829 1390; x_wconf 89' lang='grc' dir='ltr'><strong><em>τοῖς</em></strong></span> <span class='ocrx_word' id='word_1_60' title='bbox 1886 1313 2123 1390; x_wconf 87' lang='grc' dir='ltr'><strong><em>τόκοις.</em></strong></span> <span class='ocrx_word' id='word_1_61' title='bbox 2217 1323 2356 1390; x_wconf 84' lang='grc' dir='ltr'><strong><em>πῶς</em></strong></span> <span class='ocrx_word' id='word_1_62' title='bbox 2418 1310 2540 1381; x_wconf 80' lang='grc' dir='ltr'><strong><em>οὖν</em></strong></span> 
     </span>
     <span class='ocr_line' id='line_1_10' title="bbox 462 1417 2677 1504; baseline -0.002 -16"><span class='ocrx_word' id='word_1_63' title='bbox 462 1422 578 1489; x_wconf 81' lang='grc' dir='ltr'><strong><em>οὐκ</em></strong></span> <span class='ocrx_word' id='word_1_64' title='bbox 640 1421 829 1487; x_wconf 79' lang='grc' dir='ltr'><strong><em>ἄδικα</em></strong></span> <span class='ocrx_word' id='word_1_65' title='bbox 887 1417 1095 1487; x_wconf 83' lang='grc' dir='ltr'><strong><em>ταῦτά</em></strong></span> <span class='ocrx_word' id='word_1_66' title='bbox 1161 1444 1302 1497; x_wconf 92' lang='grc' dir='ltr'><strong><em>σου,</em></strong></span> <span class='ocrx_word' id='word_1_67' title='bbox 1363 1417 1571 1485; x_wconf 84' lang='grc' dir='ltr'><strong><em>πάλαι</em></strong></span> <span class='ocrx_word' id='word_1_68' title='bbox 1626 1423 1751 1504; x_wconf 78' lang='grc' dir='ltr'><strong><em>μὲν</em></strong></span> <span class='ocrx_word' id='word_1_69' title='bbox 1811 1423 1854 1462; x_wconf 72' lang='grc'><strong><em>·“·</em></strong></span> <span class='ocrx_word' id='word_1_70' title='bbox 1913 1425 2120 1485; x_wconf 76' lang='grc' dir='ltr'><strong><em>ἐκεῖνα</em></strong></span> <span class='ocrx_word' id='word_1_71' title='bbox 2169 1424 2534 1499; x_wconf 80' lang='grc' dir='ltr'><strong><em>αἰτιᾶσθαι,</em></strong></span> <span class='ocrx_word' id='word_1_72' title='bbox 2579 1429 2677 1485; x_wconf 84' lang='grc'><strong><em>125</em></strong></span> 
     </span>
    </p>
   </div>
   <div class='ocr_carea' id='block_1_3' title="bbox 458 1573 2588 4419">
    <p class='ocr_par' dir='ltr' id='par_1_3' title="bbox 458 1573 2588 4419">
     <span class='ocr_line' id='line_1_11' title="bbox 458 1573 2542 1647; baseline -0.002 -12"><span class='ocrx_word' id='word_1_73' title='bbox 458 1584 601 1635; x_wconf 91' lang='lat' dir='ltr'>recte</span> <span class='ocrx_word' id='word_1_74' title='bbox 636 1598 721 1634; x_wconf 93' lang='lat' dir='ltr'><strong><em>om</em></strong></span> <span class='ocrx_word' id='word_1_75' title='bbox 755 1580 1027 1637; x_wconf 62' lang='lat' dir='ltr'><strong><em>PRP52522</em></strong></span> <span class='ocrx_word' id='word_1_76' title='bbox 1063 1595 1184 1633; x_wconf 91' lang='lat' dir='ltr'><strong><em>cum</em></strong></span> <span class='ocrx_word' id='word_1_77' title='bbox 1217 1579 1470 1632; x_wconf 87' lang='lat' dir='ltr'>Bekkero.</span> <span class='ocrx_word' id='word_1_78' title='bbox 1613 1573 1985 1647; x_wconf 77' lang='grc' dir='ltr'><strong><em>παιδοτρίβης</em></strong></span> <span class='ocrx_word' id='word_1_79' title='bbox 2000 1578 2188 1640; x_wconf 51' lang='grc' dir='ltr'><strong>ΑΩΩΞ,</strong></span> <span class='ocrx_word' id='word_1_80' title='bbox 2230 1578 2324 1632; x_wconf 88' lang='lat' dir='ltr'><strong><em>sed</em></strong></span> <span class='ocrx_word' id='word_1_81' title='bbox 2358 1578 2542 1647; x_wconf 78' lang='lat' dir='ltr'>vulga-</span> 
     </span>
     <span class='ocr_line' id='line_1_12' title="bbox 459 1656 2543 1737; baseline -0.002 -16"><span class='ocrx_word' id='word_1_82' title='bbox 459 1671 571 1721; x_wconf 92' lang='lat' dir='ltr'><strong><em>tam</em></strong></span> <span class='ocrx_word' id='word_1_83' title='bbox 624 1662 940 1737; x_wconf 81' lang='grc' dir='ltr'><strong><em>παιδότριψ</em></strong></span> <span class='ocrx_word' id='word_1_84' title='bbox 997 1668 1209 1720; x_wconf 90' lang='lat' dir='ltr'>servant</span> <span class='ocrx_word' id='word_1_85' title='bbox 1265 1666 1484 1720; x_wconf 65' lang='lat' dir='ltr'><strong>PRPO.</strong></span> <span class='ocrx_word' id='word_1_86' title='bbox 1584 1666 1870 1735; x_wconf 87' lang='lat' dir='ltr'>utrumque</span> <span class='ocrx_word' id='word_1_87' title='bbox 1932 1665 2097 1720; x_wconf 88' lang='lat' dir='ltr'>habet</span> <span class='ocrx_word' id='word_1_88' title='bbox 2157 1664 2323 1719; x_wconf 86' lang='lat' dir='ltr'>schol.</span> <span class='ocrx_word' id='word_1_89' title='bbox 2377 1656 2543 1719; x_wconf 83' lang='lat' dir='ltr'>Voss:</span> 
     </span>
     <span class='ocr_line' id='line_1_13' title="bbox 459 1749 2541 1824; baseline -0.001 -17"><span class='ocrx_word' id='word_1_90' title='bbox 459 1751 799 1824; x_wconf 81' lang='grc' dir='ltr'><strong><em>παιδότριψ]</em></strong></span> <span class='ocrx_word' id='word_1_91' title='bbox 854 1751 1227 1822; x_wconf 76' lang='grc' dir='ltr'><strong><em>παιδοτρίβης</em></strong></span> <span class='ocrx_word' id='word_1_92' title='bbox 1262 1781 1346 1803; x_wconf 89' lang='lat'><strong><em>—-.</em></strong></span> <span class='ocrx_word' id='word_1_93' title='bbox 1422 1749 1740 1821; x_wconf 85' lang='grc' dir='ltr'><strong><em>παιδότριψ</em></strong></span> <span class='ocrx_word' id='word_1_94' title='bbox 1788 1769 1817 1806; x_wconf 90' lang='grc'>6</span> <span class='ocrx_word' id='word_1_95' title='bbox 1874 1753 2094 1806; x_wconf 80' lang='lat' dir='ltr'>Timone</span> <span class='ocrx_word' id='word_1_96' title='bbox 2146 1751 2344 1806; x_wconf 87' lang='lat' dir='ltr'>adtulit</span> <span class='ocrx_word' id='word_1_97' title='bbox 2396 1768 2437 1805; x_wconf 82' lang='lat' dir='ltr'><strong><em>s,</em></strong></span> <span class='ocrx_word' id='word_1_98' title='bbox 2493 1770 2541 1805; x_wconf 87' lang='lat' dir='ltr'><strong><em>v.</em></strong></span> 
     </span>
     <span class='ocr_line' id='line_1_14' title="bbox 467 1838 2547 1910; baseline -0.001 -17"><span class='ocrx_word' id='word_1_99' title='bbox 467 1838 858 1910; x_wconf 75' lang='grc' dir='ltr'><strong><em>Παιδοτρίβας</em></strong></span> <span class='ocrx_word' id='word_1_100' title='bbox 902 1857 1009 1894; x_wconf 89' lang='grc'>11011</span> <span class='ocrx_word' id='word_1_101' title='bbox 1042 1841 1160 1910; x_wconf 91' lang='lat' dir='ltr'>ipse</span> <span class='ocrx_word' id='word_1_102' title='bbox 1196 1839 1386 1894; x_wconf 83' lang='lat' dir='ltr'>Suidas</span> <span class='ocrx_word' id='word_1_103' title='bbox 1423 1839 1517 1892; x_wconf 85' lang='lat' dir='ltr'><strong><em>sed</em></strong></span> <span class='ocrx_word' id='word_1_104' title='bbox 1552 1839 1707 1893; x_wconf 90' lang='lat' dir='ltr'>homo</span> <span class='ocrx_word' id='word_1_105' title='bbox 1743 1855 1942 1905; x_wconf 87' lang='lat' dir='ltr'>recens,</span> <span class='ocrx_word' id='word_1_106' title='bbox 1997 1840 2090 1909; x_wconf 89' lang='lat' dir='ltr'>qui</span> <span class='ocrx_word' id='word_1_107' title='bbox 2125 1838 2327 1893; x_wconf 84' lang='lat' dir='ltr'>Suidan</span> <span class='ocrx_word' id='word_1_108' title='bbox 2361 1840 2547 1892; x_wconf 87' lang='lat' dir='ltr'>contra</span> 
     </span>
     <span class='ocr_line' id='line_1_15' title="bbox 463 1922 2549 1996; baseline -0.002 -13"><span class='ocrx_word' id='word_1_109' title='bbox 463 1946 641 1983; x_wconf 88' lang='lat' dir='ltr'>omnes</span> <span class='ocrx_word' id='word_1_110' title='bbox 692 1928 841 1982; x_wconf 91' lang='lat' dir='ltr'>codd.</span> <span class='ocrx_word' id='word_1_111' title='bbox 888 1927 1245 1996; x_wconf 74' lang='lat' dir='ltr'>interpolavit.</span> <span class='ocrx_word' id='word_1_112' title='bbox 1315 1926 1410 1980; x_wconf 85' lang='lat' dir='ltr'><strong><em>sed</em></strong></span> <span class='ocrx_word' id='word_1_113' title='bbox 1456 1943 1620 1995; x_wconf 89' lang='lat' dir='ltr'>quum</span> <span class='ocrx_word' id='word_1_114' title='bbox 1664 1926 1754 1980; x_wconf 88' lang='lat' dir='ltr'>hic</span> <span class='ocrx_word' id='word_1_115' title='bbox 1795 1927 2031 1980; x_wconf 86' lang='lat' dir='ltr'>varietur</span> <span class='ocrx_word' id='word_1_116' title='bbox 2074 1922 2445 1995; x_wconf 73' lang='grc' dir='ltr'><strong><em>παιδοτρίβης</em></strong></span> <span class='ocrx_word' id='word_1_117' title='bbox 2491 1927 2549 1978; x_wconf 84' lang='lat' dir='ltr'>et</span> 
     </span>
     <span class='ocr_line' id='line_1_16' title="bbox 463 2010 2546 2084; baseline -0.001 -17"><span class='ocrx_word' id='word_1_118' title='bbox 463 2012 796 2084; x_wconf 85' lang='grc' dir='ltr'><strong><em>παιδότριψ,</em></strong></span> <span class='ocrx_word' id='word_1_119' title='bbox 850 2032 1115 2084; x_wconf 87' lang='lat' dir='ltr'>quumque</span> <span class='ocrx_word' id='word_1_120' title='bbox 1151 2014 1344 2068; x_wconf 82' lang='lat' dir='ltr'>Suidae</span> <span class='ocrx_word' id='word_1_121' title='bbox 1379 2015 1539 2068; x_wconf 88' lang='lat' dir='ltr'>verba</span> <span class='ocrx_word' id='word_1_122' title='bbox 1576 2010 1851 2075; x_wconf 77' lang='grc' dir='ltr'><strong><em>ἀλείπτας,</em></strong></span> <span class='ocrx_word' id='word_1_123' title='bbox 1902 2011 2212 2083; x_wconf 74' lang='grc' dir='ltr'><strong><em>γυμναστάς</em></strong></span> <span class='ocrx_word' id='word_1_124' title='bbox 2250 2015 2308 2067; x_wconf 90' lang='grc'><strong><em>111</em></strong></span> <span class='ocrx_word' id='word_1_125' title='bbox 2343 2012 2546 2066; x_wconf 88' lang='lat' dir='ltr'>scholio</span> 
     </span>
     <span class='ocr_line' id='line_1_17' title="bbox 463 2100 2547 2171; baseline -0.002 -14"><span class='ocrx_word' id='word_1_126' title='bbox 463 2105 645 2157; x_wconf 86' lang='lat' dir='ltr'>nostro</span> <span class='ocrx_word' id='word_1_127' title='bbox 681 2102 855 2157; x_wconf 87' lang='lat' dir='ltr'>adhuc</span> <span class='ocrx_word' id='word_1_128' title='bbox 890 2101 1162 2170; x_wconf 86' lang='lat' dir='ltr'>legantur:</span> <span class='ocrx_word' id='word_1_129' title='bbox 1197 2101 1408 2155; x_wconf 87' lang='lat' dir='ltr'>videtur</span> <span class='ocrx_word' id='word_1_130' title='bbox 1438 2100 1633 2154; x_wconf 82' lang='lat' dir='ltr'>Suidae</span> <span class='ocrx_word' id='word_1_131' title='bbox 1667 2101 2014 2171; x_wconf 70' lang='lat' dir='ltr'>interpolator</span> <span class='ocrx_word' id='word_1_132' title='bbox 2048 2119 2077 2155; x_wconf 89' lang='lat' dir='ltr'>e</span> <span class='ocrx_word' id='word_1_133' title='bbox 2113 2101 2314 2154; x_wconf 88' lang='lat' dir='ltr'>scholio</span> <span class='ocrx_word' id='word_1_134' title='bbox 2350 2100 2420 2154; x_wconf 86' lang='lat' dir='ltr'>ad</span> <span class='ocrx_word' id='word_1_135' title='bbox 2452 2117 2547 2153; x_wconf 91' lang='lat' dir='ltr'><strong><em>no-</em></strong></span> 
     </span>
     <span class='ocr_line' id='line_1_18' title="bbox 464 2184 2588 2262; baseline -0.003 -18"><span class='ocrx_word' id='word_1_136' title='bbox 464 2193 635 2244; x_wconf 85' lang='lat' dir='ltr'>strum</span> <span class='ocrx_word' id='word_1_137' title='bbox 668 2191 704 2244; x_wconf 90' lang='grc'><strong><em>1.</em></strong></span> <span class='ocrx_word' id='word_1_138' title='bbox 745 2189 870 2242; x_wconf 89' lang='lat' dir='ltr'>olim</span> <span class='ocrx_word' id='word_1_139' title='bbox 903 2188 1139 2258; x_wconf 89' lang='lat' dir='ltr'>pleniore</span> <span class='ocrx_word' id='word_1_140' title='bbox 1172 2189 1304 2262; x_wconf 73' lang='lat' dir='ltr'>haec</span> <span class='ocrx_word' id='word_1_141' title='bbox 1338 2190 1496 2242; x_wconf 87' lang='lat' dir='ltr'>verba</span> <span class='ocrx_word' id='word_1_142' title='bbox 1530 2188 1814 2242; x_wconf 84' lang='lat' dir='ltr'>sumsisse:</span> <span class='ocrx_word' id='word_1_143' title='bbox 1850 2194 1943 2239; x_wconf 84' lang='grc' dir='ltr'><strong><em>καὶ</em></strong></span> <span class='ocrx_word' id='word_1_144' title='bbox 1977 2184 2350 2257; x_wconf 75' lang='grc' dir='ltr'><strong><em>παιδοτρίβης</em></strong></span> <span class='ocrx_word' id='word_1_145' title='bbox 2383 2185 2416 2254; x_wconf 85' lang='grc' dir='ltr'><em>ἦ</em></span> <span class='ocrx_word' id='word_1_146' title='bbox 2461 2185 2548 2239; x_wconf 80' lang='grc' dir='ltr'><strong><em>εὖ·</em></strong></span> <span class='ocrx_word' id='word_1_147' title='bbox 2577 2198 2588 2211; x_wconf 85' lang='grc'>’</span> 
     </span>
     <span class='ocr_line' id='line_1_19' title="bbox 466 2271 2548 2346; baseline 0 -17"><span class='ocrx_word' id='word_1_148' title='bbox 466 2279 603 2330; x_wconf 81' lang='grc' dir='ltr'><strong><em>θεῖα</em></strong></span> <span class='ocrx_word' id='word_1_149' title='bbox 640 2283 732 2328; x_wconf 80' lang='grc' dir='ltr'><strong><em>καὶ</em></strong></span> <span class='ocrx_word' id='word_1_150' title='bbox 767 2273 1103 2344; x_wconf 82' lang='grc' dir='ltr'><strong><em>παιδότριψ.</em></strong></span> <span class='ocrx_word' id='word_1_151' title='bbox 1179 2275 1238 2328; x_wconf 88' lang='grc'><strong><em>111</em></strong></span> <span class='ocrx_word' id='word_1_152' title='bbox 1283 2276 1519 2329; x_wconf 87' lang='lat' dir='ltr'>Luciano</span> <span class='ocrx_word' id='word_1_153' title='bbox 1566 2271 1850 2346; x_wconf 82' lang='grc' dir='ltr'><strong><em>πεδότριψ</em></strong></span> <span class='ocrx_word' id='word_1_154' title='bbox 1895 2276 2097 2344; x_wconf 87' lang='lat' dir='ltr'>primus</span> <span class='ocrx_word' id='word_1_155' title='bbox 2146 2275 2372 2329; x_wconf 84' lang='lat' dir='ltr'>correxit</span> <span class='ocrx_word' id='word_1_156' title='bbox 2414 2275 2548 2328; x_wconf 92' lang='lat' dir='ltr'>Din-</span> 
     </span>
     <span class='ocr_line' id='line_1_20' title="bbox 468 2350 2544 2430; baseline -0.002 -12"><span class='ocrx_word' id='word_1_157' title='bbox 468 2363 664 2418; x_wconf 86' lang='lat' dir='ltr'>dorfius</span> <span class='ocrx_word' id='word_1_158' title='bbox 699 2365 759 2416; x_wconf 91' lang='lat' dir='ltr'>in</span> <span class='ocrx_word' id='word_1_159' title='bbox 794 2363 876 2416; x_wconf 89' lang='lat' dir='ltr'><strong><em>ed.</em></strong></span> <span class='ocrx_word' id='word_1_160' title='bbox 897 2363 1087 2426; x_wconf 66' lang='lat' dir='ltr'>Paris„</span> <span class='ocrx_word' id='word_1_161' title='bbox 1122 2362 1258 2416; x_wconf 87' lang='lat' dir='ltr'>male</span> <span class='ocrx_word' id='word_1_162' title='bbox 1292 2350 1735 2416; x_wconf 86' lang='lat' dir='ltr'>idemscribens:</span> <span class='ocrx_word' id='word_1_163' title='bbox 1770 2360 1809 2428; x_wconf 80' lang='grc' dir='ltr'><em>ἢ</em></span> <span class='ocrx_word' id='word_1_164' title='bbox 1843 2357 2139 2430; x_wconf 84' lang='grc' dir='ltr'><strong><em>οἰκονόμος</em></strong></span> <span class='ocrx_word' id='word_1_165' title='bbox 2172 2360 2210 2429; x_wconf 80' lang='grc' dir='ltr'><em>ἢ</em></span> <span class='ocrx_word' id='word_1_166' title='bbox 2242 2359 2544 2428; x_wconf 83' lang='grc' dir='ltr'><strong><em>πεδότριψ.</em></strong></span> 
     </span>
     <span class='ocr_line' id='line_1_21' title="bbox 467 2449 2549 2520; baseline -0.001 -15"><span class='ocrx_word' id='word_1_167' title='bbox 467 2450 711 2505; x_wconf 87' lang='lat' dir='ltr'>Dindorfi</span> <span class='ocrx_word' id='word_1_168' title='bbox 760 2450 1177 2505; x_wconf 84' lang='lat' dir='ltr'>emendationem</span> <span class='ocrx_word' id='word_1_169' title='bbox 1219 2450 1513 2518; x_wconf 85' lang='lat' dir='ltr'>probarunt</span> <span class='ocrx_word' id='word_1_170' title='bbox 1561 2449 1795 2503; x_wconf 82' lang='lat' dir='ltr'>Cobetus</span> <span class='ocrx_word' id='word_1_171' title='bbox 1842 2451 1897 2502; x_wconf 90' lang='lat' dir='ltr'>et</span> <span class='ocrx_word' id='word_1_172' title='bbox 1942 2449 1989 2502; x_wconf 89' lang='lat' dir='ltr'>is</span> <span class='ocrx_word' id='word_1_173' title='bbox 2039 2451 2131 2520; x_wconf 86' lang='lat' dir='ltr'>qui</span> <span class='ocrx_word' id='word_1_174' title='bbox 2173 2450 2309 2503; x_wconf 89' lang='lat' dir='ltr'>bene</span> <span class='ocrx_word' id='word_1_175' title='bbox 2355 2449 2549 2503; x_wconf 83' lang='lat' dir='ltr'>edidit:</span> 
     </span>
     <span class='ocr_line' id='line_1_22' title="bbox 472 2533 2550 2605; baseline 0 -16"><span class='ocrx_word' id='word_1_176' title='bbox 472 2535 509 2604; x_wconf 79' lang='grc' dir='ltr'><em>ἢ</em></span> <span class='ocrx_word' id='word_1_177' title='bbox 545 2533 841 2604; x_wconf 79' lang='grc' dir='ltr'><strong><em>οἰκονόμος</em></strong></span> <span class='ocrx_word' id='word_1_178' title='bbox 875 2533 1177 2605; x_wconf 79' lang='grc' dir='ltr'><strong><em>πεδότριψ,</em></strong></span> <span class='ocrx_word' id='word_1_179' title='bbox 1229 2535 1517 2589; x_wconf 87' lang='lat' dir='ltr'>Bekkerus.</span> <span class='ocrx_word' id='word_1_180' title='bbox 1574 2552 1718 2589; x_wconf 86' lang='lat' dir='ltr'>error</span> <span class='ocrx_word' id='word_1_181' title='bbox 1752 2537 1817 2589; x_wconf 90' lang='lat' dir='ltr'>ab</span> <span class='ocrx_word' id='word_1_182' title='bbox 1853 2536 2126 2590; x_wconf 91' lang='lat' dir='ltr'>Dindorfio</span> <span class='ocrx_word' id='word_1_183' title='bbox 2163 2539 2430 2591; x_wconf 87' lang='lat' dir='ltr'>correctus</span> <span class='ocrx_word' id='word_1_184' title='bbox 2466 2554 2550 2590; x_wconf 90' lang='lat' dir='ltr'>re-</span> 
     </span>
     <span class='ocr_line' id='line_1_23' title="bbox 470 2619 2551 2695; baseline -0.006 -16"><span class='ocrx_word' id='word_1_185' title='bbox 470 2627 638 2679; x_wconf 73' lang='lat' dir='ltr'>currit</span> <span class='ocrx_word' id='word_1_186' title='bbox 681 2626 740 2679; x_wconf 89' lang='lat' dir='ltr'>in</span> <span class='ocrx_word' id='word_1_187' title='bbox 788 2624 1054 2679; x_wconf 74' lang='lat' dir='ltr'>Saturnal.</span> <span class='ocrx_word' id='word_1_188' title='bbox 1095 2624 1125 2691; x_wconf 68' lang='grc' dir='ltr'>ξ</span> <span class='ocrx_word' id='word_1_189' title='bbox 1161 2626 1210 2689; x_wconf 89' lang='grc'><strong><em>8,</em></strong></span> <span class='ocrx_word' id='word_1_190' title='bbox 1256 2624 1352 2676; x_wconf 87' lang='lat' dir='ltr'>ubi</span> <span class='ocrx_word' id='word_1_191' title='bbox 1397 2623 1532 2677; x_wconf 84' lang='lat' dir='ltr'>male</span> <span class='ocrx_word' id='word_1_192' title='bbox 1581 2623 1788 2677; x_wconf 85' lang='lat' dir='ltr'>codices</span> <span class='ocrx_word' id='word_1_193' title='bbox 1838 2619 2210 2693; x_wconf 85' lang='grc' dir='ltr'><strong><em>παιδοτρίβας</em></strong></span> <span class='ocrx_word' id='word_1_194' title='bbox 2247 2642 2342 2695; x_wconf 90' lang='lat' dir='ltr'>pro</span> <span class='ocrx_word' id='word_1_195' title='bbox 2378 2620 2551 2677; x_wconf 72' lang='grc' dir='ltr'><strong><em>πεδό-</em></strong></span> 
     </span>
     <span class='ocr_line' id='line_1_24' title="bbox 467 2706 2552 2782; baseline 0 -19"><span class='ocrx_word' id='word_1_196' title='bbox 467 2717 678 2782; x_wconf 75' lang='grc' dir='ltr'><strong><em>τριβας.</em></strong></span> <span class='ocrx_word' id='word_1_197' title='bbox 822 2709 1112 2778; x_wconf 72' lang='grc' dir='ltr'><strong><em>ὑπεισιὼν]</em></strong></span> <span class='ocrx_word' id='word_1_198' title='bbox 1151 2708 1411 2762; x_wconf 78' lang='grc' dir='ltr'><strong><em>ἐπεισιὼν</em></strong></span> <span class='ocrx_word' id='word_1_199' title='bbox 1445 2710 1595 2775; x_wconf 90' lang='lat' dir='ltr'>AYd,</span> <span class='ocrx_word' id='word_1_200' title='bbox 1632 2706 1981 2762; x_wconf 79' lang='grc' dir='ltr'><strong><em>ὗπεισελθὼν</em></strong></span> <span class='ocrx_word' id='word_1_201' title='bbox 2003 2711 2064 2764; x_wconf 89' lang='lat' dir='ltr'><strong><em>L.</em></strong></span> <span class='ocrx_word' id='word_1_202' title='bbox 2209 2709 2552 2779; x_wconf 75' lang='grc' dir='ltr'><strong><em>ἐμπαροινή-</em></strong></span> 
     </span>
     <span class='ocr_line' id='line_1_25' title="bbox 473 2787 2556 2868; baseline 0 -17"><span class='ocrx_word' id='word_1_203' title='bbox 473 2818 563 2851; x_wconf 87' lang='grc' dir='ltr'><strong><em>σοι</em></strong></span> <span class='ocrx_word' id='word_1_204' title='bbox 595 2798 838 2856; x_wconf 53' lang='grc' dir='ltr'><strong>ΑΨΩΩΞ.</strong></span> <span class='ocrx_word' id='word_1_205' title='bbox 1007 2795 1285 2866; x_wconf 81' lang='grc' dir='ltr'><strong><em>ἀμαυρὸν]</em></strong></span> <span class='ocrx_word' id='word_1_206' title='bbox 1336 2795 1582 2864; x_wconf 79' lang='grc' dir='ltr'><strong><em>ἕμαυρὸν</em></strong></span> <span class='ocrx_word' id='word_1_207' title='bbox 1618 2813 1661 2851; x_wconf 83' lang='grc'><strong><em>6.</em></strong></span> <span class='ocrx_word' id='word_1_208' title='bbox 1821 2797 1940 2853; x_wconf 74' lang='grc' dir='ltr'><strong><em>πῶς</em></strong></span> <span class='ocrx_word' id='word_1_209' title='bbox 1975 2787 2090 2864; x_wconf 66' lang='grc' dir='ltr'><strong><em>οὖν]</em></strong></span> <span class='ocrx_word' id='word_1_210' title='bbox 2138 2798 2224 2851; x_wconf 82' lang='lat' dir='ltr'>his</span> <span class='ocrx_word' id='word_1_211' title='bbox 2259 2800 2556 2868; x_wconf 68' lang='lat' dir='ltr'>praemittit</span> 
     </span>
     <span class='ocr_line' id='line_1_26' title="bbox 470 2880 2555 2954; baseline -0.001 -15"><span class='ocrx_word' id='word_1_212' title='bbox 470 2885 519 2939; x_wconf 91' lang='lat' dir='ltr'>A</span> <span class='ocrx_word' id='word_1_213' title='bbox 555 2902 717 2939; x_wconf 84' lang='lat' dir='ltr'>novae</span> <span class='ocrx_word' id='word_1_214' title='bbox 734 2902 990 2954; x_wconf 87' lang='lat' dir='ltr'>personae</span> <span class='ocrx_word' id='word_1_215' title='bbox 1026 2885 1241 2953; x_wconf 85' lang='lat' dir='ltr'>signum</span> <span class='ocrx_word' id='word_1_216' title='bbox 1278 2885 1332 2937; x_wconf 90' lang='lat' dir='ltr'>et</span> <span class='ocrx_word' id='word_1_217' title='bbox 1365 2885 1423 2936; x_wconf 92' lang='lat' dir='ltr'>in</span> <span class='ocrx_word' id='word_1_218' title='bbox 1458 2900 1622 2952; x_wconf 86' lang='lat' dir='ltr'>marg.</span> <span class='ocrx_word' id='word_1_219' title='bbox 1662 2880 1915 2946; x_wconf 80' lang='grc' dir='ltr'><strong><em>πλοῦτος,</em></strong></span> <span class='ocrx_word' id='word_1_220' title='bbox 1956 2885 2151 2937; x_wconf 84' lang='lat' dir='ltr'>omissa</span> <span class='ocrx_word' id='word_1_221' title='bbox 2170 2884 2415 2954; x_wconf 76' lang='lat' dir='ltr'>deinceps</span> <span class='ocrx_word' id='word_1_222' title='bbox 2434 2902 2555 2954; x_wconf 92' lang='lat' dir='ltr'>per-</span> 
     </span>
     <span class='ocr_line' id='line_1_27' title="bbox 472 2967 2556 3038; baseline -0.001 -13"><span class='ocrx_word' id='word_1_223' title='bbox 472 2989 602 3026; x_wconf 84' lang='lat' dir='ltr'>sona</span> <span class='ocrx_word' id='word_1_224' title='bbox 634 2974 916 3024; x_wconf 74' lang='grc' dir='ltr'><em>ΠΛΟΤΤ.</em></span> <span class='ocrx_word' id='word_1_225' title='bbox 958 2973 1081 3025; x_wconf 82' lang='lat' dir='ltr'>ante</span> <span class='ocrx_word' id='word_1_226' title='bbox 1118 2978 1210 3022; x_wconf 87' lang='grc' dir='ltr'><strong><em>καὶ</em></strong></span> <span class='ocrx_word' id='word_1_227' title='bbox 1244 2969 1357 3038; x_wconf 89' lang='grc' dir='ltr'><strong><em>μὴν</em></strong></span> <span class='ocrx_word' id='word_1_228' title='bbox 1392 2998 1477 3021; x_wconf 90' lang='grc'><strong><em>-.</em></strong></span> <span class='ocrx_word' id='word_1_229' title='bbox 1644 2967 1857 3033; x_wconf 75' lang='grc' dir='ltr'><strong><em>ἄδικον,</em></strong></span> <span class='ocrx_word' id='word_1_230' title='bbox 1897 2968 2072 3023; x_wconf 83' lang='grc' dir='ltr'><strong><em>πάλαι</em></strong></span> <span class='ocrx_word' id='word_1_231' title='bbox 2108 2974 2210 3038; x_wconf 82' lang='grc' dir='ltr'><strong><em>μέν</em></strong></span> <span class='ocrx_word' id='word_1_232' title='bbox 2247 2991 2343 3024; x_wconf 87' lang='grc' dir='ltr'><strong><em>σου</em></strong></span> <span class='ocrx_word' id='word_1_233' title='bbox 2380 2970 2556 3023; x_wconf 82' lang='grc' dir='ltr'><strong><em>ταῦτα</em></strong></span> 
     </span>
     <span class='ocr_line' id='line_1_28' title="bbox 474 3047 2551 3123; baseline -0 -13"><span class='ocrx_word' id='word_1_234' title='bbox 474 3047 769 3110; x_wconf 79' lang='grc' dir='ltr'><strong><em>αἰτιᾶσθαι</em></strong></span> <span class='ocrx_word' id='word_1_235' title='bbox 816 3076 847 3113; x_wconf 84' lang='grc'>3</span> <span class='ocrx_word' id='word_1_236' title='bbox 893 3061 949 3112; x_wconf 90' lang='lat' dir='ltr'>et</span> <span class='ocrx_word' id='word_1_237' title='bbox 994 3059 1230 3112; x_wconf 86' lang='lat' dir='ltr'>caeterae</span> <span class='ocrx_word' id='word_1_238' title='bbox 1278 3056 1394 3111; x_wconf 91' lang='lat' dir='ltr'>edd.</span> <span class='ocrx_word' id='word_1_239' title='bbox 1443 3058 1568 3110; x_wconf 86' lang='lat' dir='ltr'>ante</span> <span class='ocrx_word' id='word_1_240' title='bbox 1605 3057 2018 3123; x_wconf 83' lang='lat' dir='ltr'>Schmiederum,</span> <span class='ocrx_word' id='word_1_241' title='bbox 2071 3053 2240 3109; x_wconf 79' lang='grc' dir='ltr'><strong><em>ἄδικα</em></strong></span> <span class='ocrx_word' id='word_1_242' title='bbox 2286 3078 2387 3110; x_wconf 88' lang='grc' dir='ltr'><strong><em>ταυ</em></strong></span> <span class='ocrx_word' id='word_1_243' title='bbox 2418 3097 2430 3108; x_wconf 94' lang='grc'><strong>.</strong></span> <span class='ocrx_word' id='word_1_244' title='bbox 2458 3095 2472 3109; x_wconf 86' lang='grc'><strong>.</strong></span> <span class='ocrx_word' id='word_1_245' title='bbox 2498 3096 2511 3109; x_wconf 93' lang='grc'><strong><em>.</em></strong></span> <span class='ocrx_word' id='word_1_246' title='bbox 2538 3096 2551 3109; x_wconf 93' lang='grc'><strong><em>.</em></strong></span> 
     </span>
     <span class='ocr_line' id='line_1_29' title="bbox 472 3139 2552 3220; baseline -0.001 -22"><span class='ocrx_word' id='word_1_247' title='bbox 472 3141 647 3198; x_wconf 80' lang='grc' dir='ltr'><strong><em>πάλαι</em></strong></span> <span class='ocrx_word' id='word_1_248' title='bbox 680 3145 782 3213; x_wconf 80' lang='grc' dir='ltr'><strong><em>μέν</em></strong></span> <span class='ocrx_word' id='word_1_249' title='bbox 820 3143 1001 3198; x_wconf 76' lang='grc' dir='ltr'><strong><em>έκεινᾶ</em></strong></span> <span class='ocrx_word' id='word_1_250' title='bbox 1042 3140 1193 3196; x_wconf 79' lang='grc' dir='ltr'><strong><em>αἰτιᾶ</em></strong></span> <span class='ocrx_word' id='word_1_251' title='bbox 1214 3182 1227 3196; x_wconf 89' lang='grc'><strong>.</strong></span> <span class='ocrx_word' id='word_1_252' title='bbox 1256 3183 1267 3195; x_wconf 94' lang='grc'><strong>.</strong></span> <span class='ocrx_word' id='word_1_253' title='bbox 1296 3183 1307 3195; x_wconf 92' lang='grc'><strong>.</strong></span> <span class='ocrx_word' id='word_1_254' title='bbox 1335 3182 1347 3195; x_wconf 92' lang='grc'><strong>.</strong></span> <span class='ocrx_word' id='word_1_255' title='bbox 1374 3145 1431 3208; x_wconf 89' lang='grc' dir='ltr'><strong><em>Τ,</em></strong></span> <span class='ocrx_word' id='word_1_256' title='bbox 1472 3140 1639 3196; x_wconf 75' lang='grc' dir='ltr'><strong><em>ἄδικα</em></strong></span> <span class='ocrx_word' id='word_1_257' title='bbox 1677 3142 1823 3197; x_wconf 77' lang='grc' dir='ltr'><strong><em>ταῦτ’</em></strong></span> <span class='ocrx_word' id='word_1_258' title='bbox 1868 3143 2050 3197; x_wconf 75' lang='grc' dir='ltr'><strong><em>ἐκεῖνα</em></strong></span> <span class='ocrx_word' id='word_1_259' title='bbox 2091 3139 2386 3197; x_wconf 80' lang='grc' dir='ltr'><strong><em>αἰτιᾶσθαι</em></strong></span> <span class='ocrx_word' id='word_1_260' title='bbox 2415 3147 2552 3220; x_wconf 73' lang='lat'>9522,</span> 
     </span>
     <span class='ocr_line' id='line_1_30' title="bbox 474 3225 2558 3301; baseline 0 -17"><span class='ocrx_word' id='word_1_261' title='bbox 474 3229 643 3284; x_wconf 75' lang='grc' dir='ltr'><strong><em>ἄδικοὶ</em></strong></span> <span class='ocrx_word' id='word_1_262' title='bbox 680 3251 770 3285; x_wconf 91' lang='grc' dir='ltr'><strong><em>σοι</em></strong></span> <span class='ocrx_word' id='word_1_263' title='bbox 804 3231 978 3285; x_wconf 76' lang='grc' dir='ltr'><strong><em>ταῦτα</em></strong></span> <span class='ocrx_word' id='word_1_264' title='bbox 1013 3251 1072 3283; x_wconf 91' lang='grc' dir='ltr'><strong><em>π.</em></strong></span> <span class='ocrx_word' id='word_1_265' title='bbox 1114 3252 1171 3298; x_wconf 89' lang='grc' dir='ltr'><strong><em>μ.</em></strong></span> <span class='ocrx_word' id='word_1_266' title='bbox 1216 3229 1258 3282; x_wconf 78' lang='grc' dir='ltr'><strong><em>ε’.</em></strong></span> <span class='ocrx_word' id='word_1_267' title='bbox 1304 3225 1408 3283; x_wconf 78' lang='grc' dir='ltr'><strong><em>αι’τ.</em></strong></span> <span class='ocrx_word' id='word_1_268' title='bbox 1450 3232 1515 3292; x_wconf 84' lang='lat' dir='ltr'><strong><em>R,</em></strong></span> <span class='ocrx_word' id='word_1_269' title='bbox 1571 3228 1739 3283; x_wconf 75' lang='grc' dir='ltr'><strong><em>ἄδικα</em></strong></span> <span class='ocrx_word' id='word_1_270' title='bbox 1775 3232 1967 3294; x_wconf 77' lang='grc' dir='ltr'><strong><em>ταῦτα,</em></strong></span> <span class='ocrx_word' id='word_1_271' title='bbox 2026 3230 2200 3285; x_wconf 80' lang='grc' dir='ltr'><strong><em>πάλαι</em></strong></span> <span class='ocrx_word' id='word_1_272' title='bbox 2236 3233 2337 3301; x_wconf 79' lang='grc' dir='ltr'><strong><em>μὲν</em></strong></span> <span class='ocrx_word' id='word_1_273' title='bbox 2377 3231 2558 3285; x_wconf 79' lang='grc' dir='ltr'><strong><em>ἐκεῖνα</em></strong></span> 
     </span>
     <span class='ocr_line' id='line_1_31' title="bbox 477 3314 2559 3387; baseline 0 -16"><span class='ocrx_word' id='word_1_274' title='bbox 477 3314 772 3371; x_wconf 79' lang='grc' dir='ltr'><strong><em>αἰτιᾶσθαι</em></strong></span> <span class='ocrx_word' id='word_1_275' title='bbox 807 3319 922 3384; x_wconf 88' lang='grc' dir='ltr'><strong><em>ΑΧ,</em></strong></span> <span class='ocrx_word' id='word_1_276' title='bbox 980 3315 1146 3371; x_wconf 74' lang='grc' dir='ltr'><strong><em>ἄδικα</em></strong></span> <span class='ocrx_word' id='word_1_277' title='bbox 1183 3315 1357 3370; x_wconf 76' lang='grc' dir='ltr'><strong><em>ταῦτά</em></strong></span> <span class='ocrx_word' id='word_1_278' title='bbox 1397 3337 1494 3369; x_wconf 87' lang='grc' dir='ltr'><strong><em>σου</em></strong></span> <span class='ocrx_word' id='word_1_279' title='bbox 1534 3317 1730 3386; x_wconf 75' lang='grc' dir='ltr'><strong><em>(ταῦτα</em></strong></span> <span class='ocrx_word' id='word_1_280' title='bbox 1768 3326 1855 3372; x_wconf 82' lang='grc' dir='ltr'><strong><em>σοὶ</em></strong></span> <span class='ocrx_word' id='word_1_281' title='bbox 1894 3318 1966 3387; x_wconf 90' lang='lat' dir='ltr'><strong><em>d),</em></strong></span> <span class='ocrx_word' id='word_1_282' title='bbox 2017 3316 2194 3371; x_wconf 82' lang='grc' dir='ltr'><strong><em>πάλαι</em></strong></span> <span class='ocrx_word' id='word_1_283' title='bbox 2238 3320 2340 3385; x_wconf 77' lang='grc' dir='ltr'><strong><em>μὲν</em></strong></span> <span class='ocrx_word' id='word_1_284' title='bbox 2378 3318 2559 3372; x_wconf 76' lang='grc' dir='ltr'><strong><em>ἐκεῖνα</em></strong></span> 
     </span>
     <span class='ocr_line' id='line_1_32' title="bbox 476 3401 2556 3476; baseline 0.001 -18"><span class='ocrx_word' id='word_1_285' title='bbox 476 3405 723 3474; x_wconf 77' lang='grc' dir='ltr'><strong><em>(ἐκείνων</em></strong></span> <span class='ocrx_word' id='word_1_286' title='bbox 771 3405 855 3473; x_wconf 86' lang='lat' dir='ltr'><strong><em>cd)</em></strong></span> <span class='ocrx_word' id='word_1_287' title='bbox 903 3401 1199 3458; x_wconf 78' lang='grc' dir='ltr'><strong><em>αἰτιᾶσθαι</em></strong></span> <span class='ocrx_word' id='word_1_288' title='bbox 1247 3404 1568 3459; x_wconf 63' lang='lat' dir='ltr'>PWOVch</span> <span class='ocrx_word' id='word_1_289' title='bbox 1609 3407 1791 3476; x_wconf 80' lang='lat' dir='ltr'>itaque</span> <span class='ocrx_word' id='word_1_290' title='bbox 1833 3408 1969 3460; x_wconf 86' lang='lat' dir='ltr'>bene</span> <span class='ocrx_word' id='word_1_291' title='bbox 2016 3406 2186 3460; x_wconf 70' lang='lat' dir='ltr'>edidit</span> <span class='ocrx_word' id='word_1_292' title='bbox 2235 3407 2556 3461; x_wconf 78' lang='lat' dir='ltr'>Schmieder.</span> 
     </span>
     <span class='ocr_line' id='line_1_33' title="bbox 473 3491 2562 3561; baseline 0 -14"><span class='ocrx_word' id='word_1_293' title='bbox 473 3492 688 3547; x_wconf 85' lang='lat' dir='ltr'>videtur</span> <span class='ocrx_word' id='word_1_294' title='bbox 738 3494 841 3546; x_wconf 90' lang='lat' dir='ltr'>alio</span> <span class='ocrx_word' id='word_1_295' title='bbox 891 3493 1074 3547; x_wconf 87' lang='lat' dir='ltr'>ordine</span> <span class='ocrx_word' id='word_1_296' title='bbox 1120 3493 1280 3547; x_wconf 83' lang='lat' dir='ltr'>etiam</span> <span class='ocrx_word' id='word_1_297' title='bbox 1324 3492 1383 3545; x_wconf 90' lang='lat' dir='ltr'>id</span> <span class='ocrx_word' id='word_1_298' title='bbox 1430 3508 1532 3560; x_wconf 90' lang='lat' dir='ltr'><strong><em>quo</em></strong></span> <span class='ocrx_word' id='word_1_299' title='bbox 1575 3491 1688 3546; x_wconf 92' lang='lat' dir='ltr'>cod.</span> <span class='ocrx_word' id='word_1_300' title='bbox 1727 3494 1900 3547; x_wconf 86' lang='lat' dir='ltr'>Vatic.</span> <span class='ocrx_word' id='word_1_301' title='bbox 1951 3496 2006 3546; x_wconf 90' lang='lat' dir='ltr'>et</span> <span class='ocrx_word' id='word_1_302' title='bbox 2051 3494 2267 3561; x_wconf 85' lang='lat' dir='ltr'>vulgata</span> <span class='ocrx_word' id='word_1_303' title='bbox 2302 3494 2562 3547; x_wconf 89' lang='lat' dir='ltr'>adludunt</span> 
     </span>
     <span class='ocr_line' id='line_1_34' title="bbox 475 3577 2558 3648; baseline -0.001 -14"><span class='ocrx_word' id='word_1_304' title='bbox 475 3581 675 3634; x_wconf 78' lang='lat' dir='ltr'>lectum</span> <span class='ocrx_word' id='word_1_305' title='bbox 707 3580 903 3634; x_wconf 67' lang='lat' dir='ltr'>fuisse:</span> <span class='ocrx_word' id='word_1_306' title='bbox 944 3577 1112 3632; x_wconf 75' lang='grc' dir='ltr'><strong><em>ἄδικά</em></strong></span> <span class='ocrx_word' id='word_1_307' title='bbox 1150 3600 1245 3632; x_wconf 87' lang='grc' dir='ltr'><strong><em>σου</em></strong></span> <span class='ocrx_word' id='word_1_308' title='bbox 1285 3579 1476 3641; x_wconf 77' lang='grc' dir='ltr'><strong><em>ταῦτα,</em></strong></span> <span class='ocrx_word' id='word_1_309' title='bbox 1519 3579 1610 3631; x_wconf 85' lang='grc'>6111</span> <span class='ocrx_word' id='word_1_310' title='bbox 1645 3579 1819 3633; x_wconf 77' lang='lat' dir='ltr'>ordini</span> <span class='ocrx_word' id='word_1_311' title='bbox 1834 3579 1976 3633; x_wconf 73' lang='lat' dir='ltr'>favet</span> <span class='ocrx_word' id='word_1_312' title='bbox 2004 3580 2162 3634; x_wconf 80' lang='lat' dir='ltr'>illud:</span> <span class='ocrx_word' id='word_1_313' title='bbox 2198 3579 2423 3648; x_wconf 82' lang='grc' dir='ltr'><strong><em>γενναῖά</em></strong></span> <span class='ocrx_word' id='word_1_314' title='bbox 2462 3600 2558 3632; x_wconf 90' lang='grc' dir='ltr'><strong><em>σου</em></strong></span> 
     </span>
     <span class='ocr_line' id='line_1_35' title="bbox 475 3666 2561 3737; baseline 0 -18"><span class='ocrx_word' id='word_1_315' title='bbox 475 3667 649 3719; x_wconf 75' lang='grc' dir='ltr'><strong><em>ταῦτα</em></strong></span> <span class='ocrx_word' id='word_1_316' title='bbox 686 3668 745 3720; x_wconf 86' lang='grc'><strong><em>111</em></strong></span> <span class='ocrx_word' id='word_1_317' title='bbox 779 3668 951 3722; x_wconf 77' lang='lat' dir='ltr'>Vitar.</span> <span class='ocrx_word' id='word_1_318' title='bbox 988 3667 1149 3721; x_wconf 89' lang='lat' dir='ltr'>Auct.</span> <span class='ocrx_word' id='word_1_319' title='bbox 1189 3667 1221 3734; x_wconf 64' lang='grc' dir='ltr'>ξ</span> <span class='ocrx_word' id='word_1_320' title='bbox 1256 3669 1324 3722; x_wconf 82' lang='grc'><strong><em>23</em></strong></span> <span class='ocrx_word' id='word_1_321' title='bbox 1360 3666 1494 3720; x_wconf 85' lang='lat' dir='ltr'>med.</span> <span class='ocrx_word' id='word_1_322' title='bbox 1532 3669 1588 3719; x_wconf 90' lang='lat' dir='ltr'>et</span> <span class='ocrx_word' id='word_1_323' title='bbox 1622 3668 1680 3720; x_wconf 93' lang='lat' dir='ltr'>in</span> <span class='ocrx_word' id='word_1_324' title='bbox 1714 3667 1913 3721; x_wconf 89' lang='lat' dir='ltr'>Piscat.</span> <span class='ocrx_word' id='word_1_325' title='bbox 1953 3666 1985 3733; x_wconf 64' lang='grc' dir='ltr'>ξ</span> <span class='ocrx_word' id='word_1_326' title='bbox 2020 3669 2091 3722; x_wconf 86' lang='grc'><strong><em>24</em></strong></span> <span class='ocrx_word' id='word_1_327' title='bbox 2124 3666 2214 3721; x_wconf 88' lang='lat' dir='ltr'><strong><em>fin.</em></strong></span> <span class='ocrx_word' id='word_1_328' title='bbox 2253 3683 2454 3737; x_wconf 91' lang='lat' dir='ltr'>nempe,</span> <span class='ocrx_word' id='word_1_329' title='bbox 2498 3670 2561 3720; x_wconf 90' lang='lat' dir='ltr'>ut</span> 
     </span>
     <span class='ocr_line' id='line_1_36' title="bbox 479 3753 2563 3818; baseline 0 -11"><span class='ocrx_word' id='word_1_330' title='bbox 479 3754 582 3807; x_wconf 90' lang='lat' dir='ltr'><strong><em>duo</em></strong></span> <span class='ocrx_word' id='word_1_331' title='bbox 618 3754 745 3808; x_wconf 89' lang='lat' dir='ltr'>libri</span> <span class='ocrx_word' id='word_1_332' title='bbox 778 3754 974 3808; x_wconf 90' lang='lat' dir='ltr'>Veneti</span> <span class='ocrx_word' id='word_1_333' title='bbox 1009 3754 1214 3818; x_wconf 82' lang='lat' dir='ltr'>docent,</span> <span class='ocrx_word' id='word_1_334' title='bbox 1264 3753 1331 3807; x_wconf 93' lang='lat' dir='ltr'><strong><em>ob</em></strong></span> <span class='ocrx_word' id='word_1_335' title='bbox 1367 3753 1827 3808; x_wconf 89' lang='lat' dir='ltr'>homoeoteleuton</span> <span class='ocrx_word' id='word_1_336' title='bbox 1875 3753 2177 3807; x_wconf 78' lang='lat' dir='ltr'>exciderant</span> <span class='ocrx_word' id='word_1_337' title='bbox 2217 3754 2369 3807; x_wconf 91' lang='lat' dir='ltr'>modo</span> <span class='ocrx_word' id='word_1_338' title='bbox 2404 3756 2563 3809; x_wconf 85' lang='lat' dir='ltr'>verba</span> 
     </span>
     <span class='ocr_line' id='line_1_37' title="bbox 478 3837 2564 3910; baseline 0.001 -17"><span class='ocrx_word' id='word_1_339' title='bbox 478 3839 655 3893; x_wconf 77' lang='grc' dir='ltr'><strong><em>ταῦτά</em></strong></span> <span class='ocrx_word' id='word_1_340' title='bbox 704 3860 801 3894; x_wconf 87' lang='grc' dir='ltr'><strong><em>σου</em></strong></span> <span class='ocrx_word' id='word_1_341' title='bbox 848 3837 1025 3893; x_wconf 79' lang='grc' dir='ltr'><strong><em>πάλαι</em></strong></span> <span class='ocrx_word' id='word_1_342' title='bbox 1072 3844 1174 3908; x_wconf 83' lang='grc' dir='ltr'><strong><em>μέν</em></strong></span> <span class='ocrx_word' id='word_1_343' title='bbox 1222 3840 1374 3894; x_wconf 86' lang='grc' dir='ltr'>111οά0</span> <span class='ocrx_word' id='word_1_344' title='bbox 1430 3860 1526 3893; x_wconf 89' lang='grc' dir='ltr'><strong><em>σου</em></strong></span> <span class='ocrx_word' id='word_1_345' title='bbox 1564 3838 1740 3892; x_wconf 80' lang='grc' dir='ltr'><strong><em>πάλαι</em></strong></span> <span class='ocrx_word' id='word_1_346' title='bbox 1775 3841 1876 3907; x_wconf 80' lang='grc' dir='ltr'><strong><em>μὲν</em></strong></span> <span class='ocrx_word' id='word_1_347' title='bbox 1913 3838 2112 3902; x_wconf 79' lang='grc' dir='ltr'><strong><em>ἐκεῖνα,</em></strong></span> <span class='ocrx_word' id='word_1_348' title='bbox 2173 3857 2306 3910; x_wconf 85' lang='lat' dir='ltr'>quae</span> <span class='ocrx_word' id='word_1_349' title='bbox 2350 3842 2409 3894; x_wconf 89' lang='lat' dir='ltr'>in</span> <span class='ocrx_word' id='word_1_350' title='bbox 2444 3841 2564 3895; x_wconf 77' lang='lat' dir='ltr'>aliis</span> 
     </span>
     <span class='ocr_line' id='line_1_38' title="bbox 481 3927 2567 3997; baseline 0 -15"><span class='ocrx_word' id='word_1_351' title='bbox 481 3929 630 3983; x_wconf 80' lang='lat' dir='ltr'>codd.</span> <span class='ocrx_word' id='word_1_352' title='bbox 668 3932 813 3983; x_wconf 88' lang='lat' dir='ltr'>recte</span> <span class='ocrx_word' id='word_1_353' title='bbox 850 3929 1037 3994; x_wconf 87' lang='lat' dir='ltr'>omnia,</span> <span class='ocrx_word' id='word_1_354' title='bbox 1072 3928 1130 3981; x_wconf 91' lang='lat' dir='ltr'>in</span> <span class='ocrx_word' id='word_1_355' title='bbox 1166 3929 1284 3981; x_wconf 83' lang='lat' dir='ltr'>aliis</span> <span class='ocrx_word' id='word_1_356' title='bbox 1304 3928 1500 3997; x_wconf 87' lang='lat' dir='ltr'>partim</span> <span class='ocrx_word' id='word_1_357' title='bbox 1533 3930 1759 3992; x_wconf 89' lang='lat' dir='ltr'>tantum,</span> <span class='ocrx_word' id='word_1_358' title='bbox 1794 3928 1854 3980; x_wconf 88' lang='lat' dir='ltr'>in</span> <span class='ocrx_word' id='word_1_359' title='bbox 1888 3927 2007 3981; x_wconf 87' lang='lat' dir='ltr'>aliis</span> <span class='ocrx_word' id='word_1_360' title='bbox 2043 3944 2287 3996; x_wconf 87' lang='lat' dir='ltr'>perverse</span> <span class='ocrx_word' id='word_1_361' title='bbox 2321 3930 2567 3997; x_wconf 90' lang='lat' dir='ltr'>suppleta</span> 
     </span>
     <span class='ocr_line' id='line_1_39' title="bbox 481 4013 2565 4084; baseline -0 -15"><span class='ocrx_word' id='word_1_362' title='bbox 481 4018 610 4069; x_wconf 86' lang='lat' dir='ltr'>sunt</span> <span class='ocrx_word' id='word_1_363' title='bbox 643 4032 751 4069; x_wconf 93' lang='lat' dir='ltr'><strong><em>non</em></strong></span> <span class='ocrx_word' id='word_1_364' title='bbox 786 4016 901 4069; x_wconf 86' lang='lat' dir='ltr'>sine</span> <span class='ocrx_word' id='word_1_365' title='bbox 936 4016 1079 4069; x_wconf 88' lang='lat' dir='ltr'>vario</span> <span class='ocrx_word' id='word_1_366' title='bbox 1116 4032 1306 4070; x_wconf 84' lang='lat' dir='ltr'>errore.</span> <span class='ocrx_word' id='word_1_367' title='bbox 1381 4016 1621 4069; x_wconf 86' lang='lat' dir='ltr'>omittam</span> <span class='ocrx_word' id='word_1_368' title='bbox 1655 4014 1874 4068; x_wconf 90' lang='lat' dir='ltr'>inutiles</span> <span class='ocrx_word' id='word_1_369' title='bbox 1909 4013 2163 4084; x_wconf 87' lang='lat' dir='ltr'>quasdam</span> <span class='ocrx_word' id='word_1_370' title='bbox 2199 4014 2565 4080; x_wconf 77' lang='lat' dir='ltr'>divinationeS‚</span> 
     </span>
     <span class='ocr_line' id='line_1_40' title="bbox 482 4101 2565 4171; baseline -0.001 -15"><span class='ocrx_word' id='word_1_371' title='bbox 482 4105 545 4156; x_wconf 90' lang='lat' dir='ltr'>ut</span> <span class='ocrx_word' id='word_1_372' title='bbox 578 4102 719 4156; x_wconf 88' lang='lat' dir='ltr'>hanc</span> <span class='ocrx_word' id='word_1_373' title='bbox 755 4119 913 4171; x_wconf 87' lang='lat' dir='ltr'>quam</span> <span class='ocrx_word' id='word_1_374' title='bbox 950 4102 1013 4158; x_wconf 79' lang='lat' dir='ltr'><strong><em>Gr.</em></strong></span> <span class='ocrx_word' id='word_1_375' title='bbox 1051 4103 1387 4155; x_wconf 88' lang='lat' dir='ltr'>Hermannus</span> <span class='ocrx_word' id='word_1_376' title='bbox 1439 4118 1547 4155; x_wconf 91' lang='lat' dir='ltr'><strong><em>non</em></strong></span> <span class='ocrx_word' id='word_1_377' title='bbox 1593 4102 1749 4171; x_wconf 84' lang='lat' dir='ltr'>plane</span> <span class='ocrx_word' id='word_1_378' title='bbox 1795 4102 2143 4170; x_wconf 85' lang='lat' dir='ltr'>improbabat,</span> <span class='ocrx_word' id='word_1_379' title='bbox 2189 4101 2395 4156; x_wconf 84' lang='lat' dir='ltr'>Urbani</span> <span class='ocrx_word' id='word_1_380' title='bbox 2441 4118 2565 4156; x_wconf 90' lang='lat' dir='ltr'>con-</span> 
     </span>
     <span class='ocr_line' id='line_1_41' title="bbox 478 4180 2562 4258; baseline -0.002 -14"><span class='ocrx_word' id='word_1_381' title='bbox 478 4189 763 4258; x_wconf 77' lang='lat' dir='ltr'>jecturam:</span> <span class='ocrx_word' id='word_1_382' title='bbox 798 4188 917 4246; x_wconf 76' lang='grc' dir='ltr'><strong><em>πῶς</em></strong></span> <span class='ocrx_word' id='word_1_383' title='bbox 936 4180 1035 4241; x_wconf 73' lang='grc' dir='ltr'><strong><em>οὖν</em></strong></span> <span class='ocrx_word' id='word_1_384' title='bbox 1055 4187 1155 4241; x_wconf 79' lang='grc' dir='ltr'><strong><em>οὐκ</em></strong></span> <span class='ocrx_word' id='word_1_385' title='bbox 1175 4185 1390 4252; x_wconf 78' lang='grc' dir='ltr'><strong><em>ἄδικον,</em></strong></span> <span class='ocrx_word' id='word_1_386' title='bbox 1418 4188 1597 4241; x_wconf 72' lang='grc' dir='ltr'><strong><em>ταῦτα</em></strong></span> <span class='ocrx_word' id='word_1_387' title='bbox 1617 4209 1675 4242; x_wconf 87' lang='grc' dir='ltr'><strong><em>σε</em></strong></span> <span class='ocrx_word' id='word_1_388' title='bbox 1695 4185 1870 4241; x_wconf 82' lang='grc' dir='ltr'><strong><em>πάλαι</em></strong></span> <span class='ocrx_word' id='word_1_389' title='bbox 1886 4187 1988 4255; x_wconf 77' lang='grc' dir='ltr'><strong><em>μὲν</em></strong></span> <span class='ocrx_word' id='word_1_390' title='bbox 2009 4186 2231 4240; x_wconf 80' lang='grc' dir='ltr'><strong><em>ἐκείνων</em></strong></span> <span class='ocrx_word' id='word_1_391' title='bbox 2250 4183 2562 4249; x_wconf 80' lang='grc' dir='ltr'><strong><em>αἰτιᾶσθαι,</em></strong></span> 
     </span>
     <span class='ocr_line' id='line_1_42' title="bbox 482 4273 2568 4345; baseline 0 -17"><span class='ocrx_word' id='word_1_392' title='bbox 482 4274 581 4328; x_wconf 70' lang='grc' dir='ltr'><strong><em>νῦν</em></strong></span> <span class='ocrx_word' id='word_1_393' title='bbox 630 4273 691 4329; x_wconf 78' lang='grc' dir='ltr'><strong><em>δὲ</em></strong></span> <span class='ocrx_word' id='word_1_394' title='bbox 738 4275 813 4343; x_wconf 81' lang='grc' dir='ltr'><strong><em>τῷ</em></strong></span> <span class='ocrx_word' id='word_1_395' title='bbox 856 4279 1067 4345; x_wconf 81' lang='grc' dir='ltr'><strong><em>Τίμωνι</em></strong></span> <span class='ocrx_word' id='word_1_396' title='bbox 1111 4274 1378 4330; x_wconf 81' lang='grc' dir='ltr'><strong><em>τάναντία</em></strong></span> <span class='ocrx_word' id='word_1_397' title='bbox 1428 4273 1739 4344; x_wconf 66' lang='grc' dir='ltr'><strong><em>ἐπικαλεῒνς</em></strong></span> <span class='ocrx_word' id='word_1_398' title='bbox 1897 4274 1969 4327; x_wconf 83' lang='grc' dir='ltr'><strong><em>τὰ</em></strong></span> <span class='ocrx_word' id='word_1_399' title='bbox 2007 4273 2250 4343; x_wconf 80' lang='grc' dir='ltr'><strong><em>ἐναντία]</em></strong></span> <span class='ocrx_word' id='word_1_400' title='bbox 2287 4274 2356 4328; x_wconf 81' lang='grc' dir='ltr'><strong><em>τὰ</em></strong></span> <span class='ocrx_word' id='word_1_401' title='bbox 2396 4291 2480 4329; x_wconf 82' lang='grc'>0111</span> <span class='ocrx_word' id='word_1_402' title='bbox 2514 4274 2568 4329; x_wconf 85' lang='grc' dir='ltr'>Ν</span> 
     </span>
     <span class='ocr_line' id='line_1_43' title="bbox 484 4364 646 4419; baseline 0.012 -2"><span class='ocrx_word' id='word_1_403' title='bbox 484 4364 646 4419; x_wconf 79' lang='lat' dir='ltr'>solus,</span> 
     </span>
    </p>
   </div>
  </div>
 </body>
</html>
