3099 5241
395 916 499 970 269

536 358 633 431 70
1357 385 1787 439 Aormnooe

532 556 616 625 οὐ
667 557 792 647 γὰρ
852 556 1133 645 ἀσφαλὲς
1187 556 1341 624 οὔτε
1401 558 1505 623 σοὶ
1560 557 1763 645 λέγειν
1823 555 1966 624 οὔτ’
2025 557 2177 642 ἐμοὶ
2223 555 2485 625 ἀκούειν
2525 556 2612 625 τὰ

532 686 830 729 τοιαυτα.

1106 843 1111 848 .
1471 784 1678 849 XXII.

1013 906 1057 945 ὓ
1100 902 1464 969 ΠΑΝΟΣ
1521 904 1724 969 ΚΑΙ
1779 903 2136 971 ΕΡΜΟΥ.

713 1045 769 1109 1.
816 1041 1066 1108 ΠΑΝ.
1130 1042 1367 1124 Χαῖρε,
1419 1036 1467 1105 ὦ
1511 1039 1720 1126 πάτερ
1753 1040 1993 1126 “Ερμῆ.
2089 1041 2316 1108 ΕΡΜ.
2379 1042 2483 1107 καὶ
2532 1040 2609 1108 σύ

533 1171 626 1234 γε.
681 1144 835 1211 ἀλλά
883 1152 1021 1219 πῶς
1066 1142 1186 1232 ἐγώ
1234 1142 1347 1218 σός
1391 1143 1653 1228 πατήρς
1701 1145 1947 1211 ΠΑΝ.
2003 1144 2115 1233 οὐχ
2160 1143 2196 1210 ὁ
2244 1143 2615 1229 Κυλλήνιος

521 1248 775 1334 ιΕρμῆς
836 1248 926 1315 ὥν
981 1244 1350 1336 τυγχάνειςς
1407 1250 1635 1315 ΕΡΜ.
1702 1251 1807 1313 καὶ
1861 1246 2064 1334 μάλα.
2126 1256 2265 1322 πῶς
2293 1244 2428 1314 οὖν
2473 1246 2613 1323 υἱὸς

535 1350 694 1438 ἐμὸς
740 1350 836 1433 εἷς
881 1352 1129 1419 ΠΑΝ.
1181 1349 1498 1441 μοιχίδιός
1529 1378 1686 1437 ειμι,
1738 1349 2052 1439 ἐξαίρετός
2097 1376 2198 1418 σοι
2227 1350 2604 1441 γενόμενος.

534 1457 762 1524 ΕΡΜ.
838 1453 914 1540 νῆ
965 1456 1118 1534 Δία,
1182 1454 1427 1544 τράγου
1490 1459 1640 1531 ἴσως
1697 1453 1873 1530 τινὸς
1916 1452 2384 1545 μοιχεύσαντος
2431 1455 2604 1544 αἶγα.

533 1561 683 1646 ἐμοὶ
736 1557 859 1648 γὰρ
905 1565 1065 1638 πῶς,
1136 1560 1371 1645 κέρατα
1420 1558 1579 1648 ἔχων
1623 1561 1729 1625 καὶ
1776 1564 1921 1645 ῥῖνα
1965 1557 2276 1644 τοιαύτην
2321 1561 2426 1625 καὶ
2457 1557 2611 1649 Υπώ-

530 1688 709 1754 γωνα
776 1662 998 1730 λάσιον
1066 1664 1173 1729 καὶ
1232 1666 1414 1748 σκέλη
1480 1663 1698 1752 δίχηλά
1757 1664 1863 1730 καὶ
1918 1661 2184 1752 τραγικοὶ
2243 1664 2348 1730 καὶ
2407 1662 2611 1749 οὐρὰν

534 1893 822 1956 verissime,
856 1895 919 1945 ut
952 1892 1010 1945 in
1043 1892 1214 1960 prima
1246 1891 1326 1945 ed.
1359 1910 1410 1961 p.
1434 1894 1501 1948 58
1538 1892 1907 1947 demonstravi.
1984 1889 2225 1960 εὐφήμει
2261 1894 2495 1946 sumtum
2530 1895 2613 1946 est

535 1996 564 2033 0
600 1979 986 2049 superioribus:
1025 1976 1283 2046 εὐφήμει,
1327 1971 1372 2029 ὦ
1394 1976 1570 2048 Ἄρες.
1718 1977 1844 2032 οὔτε
1884 1998 1974 2031 σοι
1993 1977 2130 2047 (sine
2148 1976 2390 2046 accentu)
2408 1979 2469 2033 F.

538 2063 645 2118 οὔτ’
687 2064 813 2133 ἐμοὶ
847 2065 960 2129 BA,
996 2061 1122 2118 οὔτε
1161 2062 1289 2132 ἐμοὶ
1320 2085 1369 2120 v.

1487 2221 1666 2275 XXII.

672 2322 864 2380 Πανὸς
900 2329 991 2376 καὶ
1017 2322 1223 2391 Ἑρμῆς
1241 2324 1295 2378 h.
1315 2325 1370 2390 1.,
1406 2323 1500 2378 sed
1534 2324 1594 2377 in
1627 2324 1732 2379 fine
1751 2325 1973 2394 dialogi:
2011 2323 2186 2383 πανὸς
2222 2332 2313 2377 καὶ
2351 2324 2523 2394 ἑρμοῦ
2543 2326 2609 2380 A.

678 2412 725 2466 1.
795 2408 1006 2480 ΠΑΝ.]
1043 2410 1232 2467 Πανὸς
1264 2411 1330 2465 A.
1486 2410 1549 2478 νὴ
1591 2417 1683 2463 καὶ
1720 2409 1782 2463 σὺ
1816 2432 1877 2481 γε
1916 2410 2068 2468 ἓῐΜΕ
2104 2415 2159 2466 et
2192 2432 2240 2478 v,
2289 2413 2383 2466 sed
2418 2418 2510 2464 καὶ
2547 2409 2609 2464 σύ

534 2516 595 2566 γε
634 2495 741 2563 (0111
779 2494 868 2564 νή)
903 2496 1217 2558 modam,
1266 2499 1424 2551 recte.
1497 2498 1656 2552 etiam
1701 2498 1759 2551 in
1805 2499 1926 2552 aliis
1978 2498 2281 2567 hujusmodi
2332 2499 2464 2553 loeis
2513 2516 2611 2567 ego

536 2582 626 2653 (ad
657 2582 891 2652 Fugitiv.
930 2580 1019 2650 29)
1056 2580 1120 2651 νή
1160 2583 1342 2639 delevi.
1505 2583 1618 2652 οὐχ]
1658 2582 1765 2652 οὐχ’
1806 2602 1851 2641 a.
1994 2580 2245 2652 κυλήνιος
2279 2582 2345 2642 Ἡ.
2488 2603 2610 2656 τυγ-

533 2668 700 2736 χάνης
732 2670 795 2724 Α.
934 2687 1068 2725 nova
1100 2688 1326 2741 persona
1358 2674 1481 2725 ante
1514 2671 1634 2728 πῶς
1669 2663 1768 2725 οὖν
1802 2672 1861 2726 111
1895 2671 1959 2737 A,
1995 2671 2091 2727 sed
2124 2672 2246 2727 inF
2279 2672 2420 2726 linea
2451 2671 2615 2726 rubra

535 2759 659 2810 ante
693 2753 811 2812 πῶς
846 2746 946 2809 οὖν
988 2774 1214 2812 errorem
1255 2774 1510 2828 personae
1545 2775 1579 2812 a
1611 2775 1647 2827 p
1683 2775 1737 2812 m
1772 2758 1994 2827 corrigit
2037 2758 2261 2828 ideoque
2305 2758 2465 2812 nihili
2512 2760 2609 2812 est.

675 2837 792 2899 υἱὸς
843 2840 994 2914 ἐμὸς]
1049 2841 1180 2911 ε’μὸς
1224 2840 1341 2901 υἱὸς
1383 2842 1499 2906 QIA,
1556 2841 1674 2901 υἱὸς
1721 2842 1831 2914 (om
1878 2842 2029 2912 ἐμὸς)
2075 2846 2141 2896 Ω.
2301 2842 2361 2907 ἐξ
2409 2842 2614 2912 ἔρωτός

537 2926 796 2986 mmm*
832 2932 887 2984 et
919 2948 967 2995 v,
1002 2930 1098 2985 sed
1133 2927 1414 2999 ἐξαίρετός
1444 2930 1587 2985 BAC
1624 2930 1724 3000 (ita
1758 2929 1823 2999 C)
1859 2930 2058 2986 AVYd.
2132 2930 2367 2986 Cobetus
2414 2931 2473 2984 in
2519 2930 2610 2985 ad-

532 3018 645 3071 not.
684 3015 751 3070 ad
786 3014 874 3071 Or.
914 3017 980 3071 de
1014 3019 1113 3071 art.
1148 3017 1245 3071 int.
1283 3034 1336 3087 p.
1359 3020 1458 3073 122
1495 3017 1561 3071 de
1595 3018 1833 3088 vulgata:
1868 3017 2179 3083 rectissime,
2214 3017 2406 3087 inquit,
2440 3033 2611 3086 11011110

537 3102 794 3170 cogitavit
827 3119 1005 3158 omnes
1040 3103 1288 3157 mortales
1337 3100 1397 3165 ἐξ
1434 3103 1640 3173 ἔρωτος
1688 3121 1787 3158 1100
1833 3121 1959 3159 sane
2004 3100 2064 3155 ἐκ
2097 3106 2291 3172 μίσους
2323 3104 2486 3158 nasei.
2554 3105 2613 3156 at

537 3189 679 3243 siout
710 3188 1072 3258 Agamemnon
1090 3189 1384 3244 Casandrae
1417 3193 1620 3245 amator
1653 3189 1808 3258 ἔρωτ’
1849 3187 2139 3259 ἐξαίρετον
2172 3185 2445 3257 μαινάδος
2478 3187 2609 3242 ὑπέ-

540 3293 634 3341 στη
676 3274 881 3345 (Eurip.
918 3276 978 3329 in
1014 3274 1200 3329 Troad.
1237 3293 1284 3329 v.
1320 3274 1461 3343 416),
1496 3277 1577 3331 ita
1608 3278 1766 3332 liberi
1799 3278 1858 3331 in
1889 3277 2143 3347 pellicatu
2175 3276 2290 3330 nati
2323 3277 2468 3330 recte
2504 3275 2611 3330 (1101

534 3362 764 3430 possunt
808 3358 1107 3430 ἐξαίρετοι.
1182 3364 1417 3416 ceterum
1457 3363 1670 3432 integer
1724 3364 1962 3418 senarius
2014 3363 2101 3417 his
2147 3362 2321 3418 verbis
2368 3362 2510 3416 inest
2556 3364 2612 3415 et

534 3463 700 3516 paene
716 3446 925 3515 integer
938 3447 1191 3517 proximis
1208 3448 1318 3502 his:
1355 3438 1503 3517 ἦπου
1523 3480 1594 3488 —-
1614 3449 1798 3521 ἔγωγε,
1822 3450 1916 3519 qui
1932 3450 2099 3504 videri
2126 3452 2352 3520 possunt
2370 3448 2612 3505 continui

534 3531 723 3587 fuisse:
758 3536 941 3586 HAN.
964 3530 1240 3601 μοιχίδιός
1276 3530 1401 3603 εἶμ’,
1443 3534 1726 3604 ἐξαίρετός
1755 3555 1845 3589 σοι
1861 3534 2170 3605 γενόμενος.
2247 3539 2422 3588 ΕΡΜ.
2462 3525 2609 3603 ἦπού

538 3617 703 3689 [ποτ’]
743 3616 953 3673 ἔλαθον
1000 3619 1127 3690 αἶγα
1163 3620 1455 3688 μοιχεύσας
1492 3621 1628 3692 ἐγώς
1678 3641 1811 3694 quae
1856 3625 1991 3677 bene
2038 3622 2235 3677 cadunt
2277 3622 2336 3675 in
2370 3621 2610 3676 Ararotis

535 3705 854 3761 comoediam
900 3706 1091 3765 Πανὸς
1138 3711 1329 3772 Γοναί,
1382 3710 1447 3764 (10
1491 3729 1596 3780 qua
1638 3711 1935 3766 Meinekius
1982 3709 2039 3762 in
2084 3709 2294 3776 Fragm.
2340 3708 2483 3762 Com.
2522 3707 2611 3761 ΠΙ

533 3811 585 3863 p.
623 3795 725 3850 275
761 3811 840 3863 sq.
888 3797 945 3849 et
976 3794 1108 3850 haec
1156 3795 1370 3866 quidem
1415 3799 1644 3867 possunt
1688 3797 1863 3851 minus
1908 3812 2030 3849 vera
2075 3811 2216 3849 esse:
2267 3793 2402 3848 illud
2435 3796 2611 3849 tamen

535 3883 727 3946 manet,
762 3880 848 3934 his
885 3881 1018 3950 ipsis
1055 3882 1270 3936 deorum
1289 3883 1512 3953 dialogis
1549 3884 1846 3938 comoediae
1863 3896 2070 3952 quoque
2103 3897 2321 3950 graecae
2353 3880 2610 3935 imitatio-

534 3983 655 4020 nem
690 3967 898 4037 saepius
935 3969 1210 4023 contineri.
1281 3969 1507 4040 denique
1544 3971 1649 4024 alia
1693 3969 1852 4039 hujus
1888 3966 2214 4022 confusionis
2250 3967 2483 4038 exempla
2516 3968 2608 4023 Ja-

535 4053 749 4107 oobsius
785 4053 933 4108 dedit
966 4054 1034 4108 ad
1068 4055 1264 4110 thill,
1303 4057 1418 4110 Tat.
1451 4073 1505 4124 p.
1544 4059 1664 4120 500,
1698 4056 1756 4108 in
1790 4054 1983 4124 quibus
2020 4054 2113 4108 1Πο
2149 4053 2362 4123 (1111110111
2377 4054 2608 4124 plerum-

537 4156 638 4210 que
683 4139 974 4208 genuinum
1021 4158 1137 4195 esse
1179 4144 1361 4196 censet
1409 4138 1469 4202 ἐξ
1505 4140 1727 4210 ἔρωτος,
1779 4157 1886 4195 11011
1923 4138 2220 4211 ἐξαίρετος.
2366 4141 2494 4197 ἴσως
2525 4156 2611 4194 0111

536 4225 698 4284 ἓῑΩΕ.
862 4223 1034 4295 alym]
1074 4225 1230 4296 αἶγας
1278 4228 1392 4282 ΒΑ.
1555 4226 1682 4296 ἐμοὶ
1721 4227 2032 4291 ΒΑΟΨΩΕ,
2085 4225 2217 4296 ἐμὸς
2259 4224 2417 4284 QIAM
2462 4230 2517 4282 et
2560 4244 2608 4280 v.

537 4312 703 4368 dativi
726 4312 1032 4383 -explioandi
1077 4326 1236 4368 causa
1276 4317 1327 4366 Ψ
1357 4312 1504 4386 (post
1535 4313 1734 4386 πυγάς)
1772 4315 1899 4369 add:
1947 4311 2064 4373 υἱὸς
2097 4312 2473 4382 ἀναπέφηνας.
2547 4328 2611 4367 ae
