3099 5241
572 453 755 510 LXVI
1416 452 1514 507 DE
1567 452 1804 508 LIBBIS

569 630 769 696 fateor
823 631 1079 712 leviora,
1137 630 1341 695 veluti
1401 630 1575 714 quod
1634 650 1697 715 p.
1744 630 1875 696 394
1934 630 2218 711 (Timone
2277 648 2332 693 c.
2384 628 2466 693 14
2515 627 2655 708 fin.)

570 734 974 800 Bekkeriana
1028 756 1066 799 a
1125 734 1533 800 Schmiedero
1590 734 1756 799 bene
1814 739 2148 798 mutuatur
2206 730 2396 795 ἄδικα
2451 727 2654 796 ταῦτά

571 862 694 903 σου
738 840 976 920 (addito
1023 840 1191 925 σου),
1247 839 1413 903 malo
1469 844 1688 902 autem
1741 836 2006 901 ἐναντία
2061 857 2178 921 pro
2234 832 2317 901 τὰ
2363 833 2649 917 ἐναντίᾳ,

568 963 653 1008 ne
696 944 882 1028 plura
925 944 1299 1027 hujusmodi
1344 943 1636 1007 adiciam.
1726 943 1945 1008 Altera
1988 942 2203 1024 editio,
2260 963 2456 1026 quam
2499 961 2655 1024 gna·

568 1050 732 1113 viter
774 1050 884 1114 ille
926 1053 1225 1130 versarat,
1269 1053 1368 1112 est
1408 1048 1451 1112 J
1453 1047 1708 1130 acobiti,
1754 1047 1870 1131 qui
1912 1047 2117 1111 multa
2159 1065 2389 1129 parum
2430 1065 2654 1129 graece

569 1153 738 1217 dicta
814 1153 1132 1239 planeque
1208 1151 1478 1216 barbara
1542 1172 1579 1217 e
1647 1152 1824 1216 codd.
1889 1155 2231 1235 receperat.
2341 1149 2654 1232 Injuriam

565 1257 841 1323 facerem
883 1257 1197 1340 Bekkero,
1243 1258 1299 1321 si
1341 1277 1645 1341 negarem
1688 1257 1846 1321 haec
1873 1258 2032 1320 vitia
2069 1255 2282 1319 omnia
2327 1256 2487 1318 tanti
2529 1255 2653 1316 viri

568 1383 768 1427 manu
828 1368 1128 1447 nutuque
1171 1382 1207 1427 e
1250 1360 1538 1425 Luciano
1597 1381 1860 1425 rursum
1918 1362 2117 1443 eJecta
2173 1377 2329 1423 esse.
2414 1358 2538 1422 His
2580 1359 2651 1421 in

565 1467 724 1531 locis
768 1466 1020 1532 Bekker
1056 1466 1446 1531 Schmiederi
1489 1466 1831 1531 lectionem
1877 1466 2062 1548 sequi
2107 1464 2444 1528 consuevit
2489 1463 2651 1527 bene

564 1591 858 1655 graecam
901 1576 965 1637 et
1007 1574 1285 1653 atticam,
1338 1573 1407 1636 id
1453 1571 1628 1656 quod
1672 1573 1743 1635 in
1791 1570 2024 1654 apertis
2069 1567 2429 1633 scribarum
2472 1568 2647 1631 vitiis

564 1695 755 1741 nemo
798 1697 931 1741 non
975 1677 1278 1742 laudabit.
1367 1678 1457 1741 At
1498 1696 1650 1741 vero
1711 1683 1807 1740 est
1850 1678 2061 1756 etiam,
2121 1673 2238 1737 ubi
2290 1672 2651 1737 Jacobitius

562 1780 634 1845 in
677 1781 1016 1847 manifesto
1062 1802 1271 1846 errore
1315 1787 1530 1846 tamen
1588 1780 1667 1844 ab
1712 1800 1863 1843 vero
1921 1781 2111 1863 longe
2167 1780 2431 1863 propius
2486 1777 2651 1842 absit

572 1906 768 1970 quam
835 1886 973 1970 ipse
1038 1884 1389 1950 Bekkerus.
1502 1884 1974 1968 Saepenumero
2053 1885 2227 1948 enim
2291 1884 2335 1948 J
2336 1882 2649 1947 acobitius

563 1989 729 2054 bene
774 1990 1040 2073 viderat,
1085 1989 1476 2054 Schmiederi
1533 1989 1874 2053 lectionem
1929 1992 2148 2072 utpote
2206 1987 2647 2071 interpolatam

562 2099 626 2158 et
667 2099 988 2159 recentem
1030 2094 1285 2178 probari
1329 2093 1509 2157 nullo
1539 2093 1730 2156 modo
1767 2112 1969 2177 posse,
2013 2093 2289 2177 ideoque
2333 2092 2645 2156 bonorum

563 2198 859 2262 codicum
905 2197 1001 2280 (in
1046 2199 1149 2261 his
1192 2199 1482 2261 omnium
1527 2199 1955 2262 vetustissimi
1997 2197 2523 2261 Vindobonensis
2565 2194 2647 2279 Β)

558 2303 827 2367 mendas
873 2303 1222 2367 suffecerat.
1303 2301 1536 2365 Contra
1572 2301 1922 2383 BekkeruS,
1969 2303 2085 2385 qui
2128 2302 2647 2385 interpolationes

559 2426 643 2471 ex
702 2407 846 2471 aliis
905 2406 1323 2491 scriptoribus
1380 2407 1599 2471 tollere
1654 2406 1916 2488 solebat,
1975 2411 2189 2469 tamen
2245 2406 2315 2468 in
2360 2403 2643 2468 Luciano

559 2511 695 2576 sive
741 2512 913 2596 quod
956 2516 1239 2596 parceret
1268 2513 1536 2595 tempori
1569 2513 1705 2576 sive
1730 2511 2013 2575 laborem
2055 2510 2323 2594 fugeret,
2367 2508 2645 2591 plerum-

559 2636 687 2701 que
732 2617 813 2681 ad
853 2616 1081 2681 falsam
1124 2618 1502 2701 scripturam
1548 2615 1940 2682 Schmiederi
1998 2614 2226 2679 maluit
2280 2613 2641 2696 confugere.

557 2722 765 2805 Atqui
829 2722 974 2786 talis
1039 2726 1390 2807 tantusque
1457 2723 1718 2785 criticus
1784 2722 2049 2786 minime
2128 2718 2495 2802 ignorabat,
2572 2719 2643 2780 in

559 2827 886 2910 archetypi
950 2827 1203 2891 mendis
1270 2825 1645 2892 creberrime
1716 2828 1922 2910 ipsius
1990 2845 2257 2889 manum
2323 2824 2643 2907 scriptoris

555 2930 750 2996 latere
816 2949 1089 3014 eamque
1155 2950 1191 2994 e
1257 2931 1537 2995 tenebris
1615 2932 1790 2994 omni
1855 2949 1975 3014 ope
2054 2929 2404 2993 eruendam
2479 2946 2639 2991 esse.

557 3033 985 3110 Quamobrem
1051 3054 1168 3118 ego
1235 3037 1302 3099 in
1370 3055 1513 3099 mea
1579 3036 1859 3100 editione
1924 3040 2037 3099 aut
2054 3084 2070 3117 ,
2137 3033 2512 3116 ubicunque
2574 3030 2643 3093 id

556 3139 714 3203 mihi
759 3140 1152 3223 contigisset,
1198 3159 1281 3205 ex
1314 3141 1729 3223 antiquorum
1772 3139 2077 3204 librorum
2111 3139 2398 3221 vestigiis
2443 3137 2641 3219 scrip-

552 3249 751 3307 torem
810 3245 1024 3328 ipsum
1079 3245 1353 3326 restitui,
1409 3249 1522 3308 aut
1576 3246 1631 3308 si
1688 3245 1759 3307 in
1816 3264 1889 3309 eo
1945 3244 2178 3308 frustra
2232 3241 2638 3316 laborassem,

553 3347 775 3413 saltem
819 3350 891 3411 in
935 3348 1342 3412 adnotatione
1397 3349 1517 3412 hoc
1580 3349 1810 3413 diserte
1869 3349 2109 3430 addidi,
2166 3367 2383 3413 veram
2446 3347 2639 3429 scrip-

553 3456 763 3515 turam
807 3452 877 3514 in
925 3453 1210 3535 antiquis
1256 3453 1436 3517 codd.
1486 3455 1699 3519 adhuc
1743 3454 2128 3518 delitescere.
2208 3451 2386 3528 Quae
2433 3470 2637 3536 quum

548 3556 640 3620 ita
706 3556 855 3638 sint,
922 3555 1322 3620 Bekkeriana
1389 3578 1472 3623 ex
1540 3559 1794 3625 duabus
1862 3558 2289 3639 editionibuS,
2357 3558 2638 3620 maxime

554 3661 818 3745 quidem
878 3660 1287 3745 Schmiederi,
1354 3668 1495 3728 tum
1565 3666 1756 3729 etiam
1812 3655 2093 3728 Jacobiti
2146 3664 2306 3727 mire
2364 3661 2637 3725 conflata

550 3771 747 3849 atque
811 3767 1129 3850 permixta
1197 3772 1310 3832 est.
1438 3769 1560 3851 At,
1625 3771 1691 3832 in
1702 3771 1871 3853 quit,
1937 3767 2216 3833 Bekkeri
2277 3766 2637 3831 Lucianum

549 3870 1025 3936 emendationes
1070 3872 1244 3937 haud
1287 3892 1531 3956 paucae
1577 3879 1808 3937 ornant
1849 3875 2058 3957 ipsius
2100 3872 2374 3937 Bekkeri
2420 3877 2484 3938 et
2525 3890 2636 3936 eae

547 3980 724 4039 tanto
769 3977 906 4039 viro
951 3977 1219 4041 minime
1261 3978 1586 4061 indignae.
1677 3977 1923 4063 Nempe
1969 3980 2062 4043 sic
2104 3978 2449 4062 praecipua
2491 3976 2635 4039 laus

548 4080 744 4163 hujus
790 4081 1088 4146 editionis
1148 4082 1529 4166 plerumque
1592 4083 1674 4147 ad
1734 4084 2129 4165 conjecturas
2182 4083 2371 4147 rediit
2428 4082 2635 4166 ipsius

547 4183 842 4266 Bekkeri,
901 4205 1066 4270 quae
1124 4187 1194 4250 in
1254 4207 1462 4251 unum
1520 4205 1745 4252 omnes
1804 4187 2018 4251 locum
2062 4188 2442 4270 conjunctae
2499 4185 2634 4270 pla-

546 4288 733 4374 gulas
776 4289 1139 4374 implebunt
1195 4292 1636 4376 paucissimas.
1731 4290 1917 4368 Quod
1975 4311 2185 4356 unum
2246 4292 2361 4354 vix
2416 4308 2633 4354 acne

546 4395 661 4459 vix
729 4394 991 4479 quidem
1066 4396 1220 4461 satis
1302 4415 1534 4461 causae
1616 4397 1754 4464 esse'
1835 4396 2138 4480 debebat,
2219 4394 2632 4481 quamobrem
