3099 5241
1050 448 1428 501 NBKPIKOI
1490 447 1879 501 ΑιΑΛοΙοι.
2359 416 2508 491 193

432 618 535 685 ὅτι
598 617 938 705 μαλθακοὶ
995 617 1102 685 καὶ
1158 616 1446 707 ἀγεννεῖς
1505 621 1627 687 εἶσι
1683 618 2106 705 μεμνημένοι
2155 623 2288 686 τῶν
2347 616 2504 686 άνω.

428 728 641 790 ταῦτα
711 723 853 811 λέγε
910 721 1107 811 αὐτῷ,
1184 723 1292 788 καί
1347 723 1639 809 προσέτι,
1716 720 2239 810 ἐμπλησάμενον
2293 726 2336 765 ⁴*
2388 721 2511 808 την
2547 734 2650 792 331

430 823 650 913 πήραν
705 826 881 911 ἥκειν
927 827 1202 913 θέρμων
1243 852 1317 894 τε
1359 828 1619 894 πολλῶν
1663 828 1768 893 καί
1814 830 1881 895 εἴ
1913 851 2053 894 που
2096 828 2273 913 εὕροι
2319 832 2386 893 ἐν
2430 832 2512 916 τῇ

428 928 659 1019 τριόδῳ
704 927 986 1015 Ἑκάτης
1045 929 1317 997 δεῖπνον
1376 929 1676 1017 κείμενον
1734 929 1779 1014 ἢ
1840 930 1972 1019 ᾠὸν
2032 936 2100 998 ἐκ
2143 931 2516 1017 καθαρσίου

429 1033 471 1119 ἦ
528 1060 594 1099 τι
648 1027 973 1102 τοιοῦτον.
1099 1036 1157 1101 2.
1235 1033 1316 1101 H
1320 1034 1475 1101 OA.
1557 1033 1692 1100 ἀλλ’
1755 1033 2097 1124 ἀπαγγελῶ
2156 1042 2387 1114 ταῦτα,
2464 1031 2513 1101 ὦ

328 1147 343 1155 ’
432 1135 757 1227 Διόγενες.
854 1139 1032 1213 ὅπως
1077 1138 1148 1205 δὲ
1193 1137 1340 1204 εἰδῶ
1384 1136 1695 1225 μάλιστα,
1747 1138 1979 1215 ὁποῖός
2020 1140 2117 1215 τίς
2155 1144 2198 1183 ⁴*
2229 1144 2364 1207 ἐστι
2390 1136 2515 1224 τήν
2548 1151 2654 1207 332

433 1241 609 1327 ὄψιν.
705 1245 817 1310 AI
817 1243 961 1311 ΟΓ.
1026 1243 1253 1332 γέρων,
1315 1243 1664 1329 φαλακρὸς,
1713 1241 2060 1332 τριβώνιον
2105 1242 2265 1333 ἔχων
2307 1240 2515 1310 πολύ-

431 1352 668 1431 θυρον,
735 1347 981 1412 ἅπαντι
1025 1344 1246 1434 ἀνέμῳ
1293 1345 1859 1434 ἀναπεπταμένον
1902 1348 2009 1413 καί
2051 1360 2194 1423 ταῖς
2240 1352 2516 1414 ἐπιπτυ-

429 1462 567 1539 χαῖς
638 1457 770 1516 τῶν
828 1449 1062 1539 ῥακίων
1121 1451 1441 1518 ποικίλον·
1515 1454 1671 1542 γελᾷ
1728 1453 1794 1519 δ”
1847 1452 1947 1519 ἀεὶ
2001 1454 2107 1519 καὶ
2165 1450 2247 1519 τά
2306 1448 2513 1518 πολλά

431 1552 585 1629 τούς
643 1551 962 1634 ἀλαζόνας
1003 1553 1278 1632 τούτους
1322 1554 1720 1644 φιλοσόφους
1765 1555 2173 1626 ἐπισκώπτει.
2268 1556 2350 1622 Π
2353 1554 2508 1623 ΟΛ.

432 1655 661 1746 ῥᾴδιον
706 1658 913 1745 εὑρεῖν
959 1656 1095 1726 ἀπό
1140 1685 1216 1748 γε
1257 1658 1530 1728 τούτων.
1627 1661 1886 1729 ΔΙΟΓ.
1934 1657 2158 1748 βούλει
2198 1660 2306 1726 καὶ
2349 1657 2516 1744 πρὸς

434 1760 672 1838 αὐτούς
726 1763 1005 1840 ἐκείνους
1049 1763 1430 1850 ἐντείλωμαί
1467 1791 1530 1831 τι
1572 1762 1728 1840 τούς
1772 1761 2169 1852 φιλοσόφους
2182 1791 2209 1846 ,·
2268 1762 2508 1831 ΠΟΛ.

430 1867 594 1955 λέγε·
660 1866 734 1933 οὗ
795 1865 969 1954 βαρὺ
1023 1867 1147 1958 γὰρ
1205 1866 1357 1935 οὐδὲ
1400 1874 1621 1935 τοῦτο.
1732 1869 1991 1936 ΔΙΟΓ.
2069 1866 2146 1934 τὸ
2190 1870 2319 1953 μὲν
2364 1867 2514 1933 ὅλον

362 2009 381 2026 ·
432 1968 828 2039 παύσασθαι
878 1970 1099 2047 αὐτοῖς
1143 1969 1479 2062 παρεγγύα
1524 1973 1795 2058 ληροῦσι
1837 1973 1943 2038 καὶ
1985 1972 2135 2059 περὶ
2177 1976 2304 2038 τῶν
2352 1971 2517 2037 ὅλων

434 2073 709 2161 ἐρίζουσι
765 2076 871 2141 καὶ
929 2077 1163 2163 κέρατα
1218 2074 1505 2166 ,φύουσιν
1564 2074 1859 2161 ἀλλήλοις
1912 2077 2018 2143 καὶ
2073 2074 2517 2163 κροκοδείλους

354 2269 365 2276 .
434 2185 723 2258 ποιοῦσι,
774 2179 880 2245 καί
913 2185 1185 2246 τοιαῦτα
1219 2178 1440 2265 ἄπορα
1471 2185 1718 2266 ἐρωτᾶν
1748 2177 2188 2248 διδάσκουσιν.
2272 2178 2508 2246 ΠΟΛ.

432 2406 796 2475 μεμνημένοι]
835 2412 927 2459 καὶ
963 2408 1309 2474 μεμνημένοι
1353 2410 1416 2458 Ψ.
1580 2402 1699 2475 λέγε
1739 2403 1905 2474 αύτῷ,
1957 2413 2050 2459 καὶ
2096 2406 2349 2476 προσέτι]
2388 2402 2513 2476 λόγε

437 2490 605 2546 αὖτοῦ
642 2500 735 2547 καὶ
770 2491 915 2562 πρὸς
952 2492 1033 2546 ἔτι
1074 2496 1118 2544 Ο
1149 2493 1249 2562 (ita
1269 2492 1354 2561 Ο).
1501 2489 1945 2561 ἐμπλησάμενον]
1984 2490 2405 2562 ἐμπλησάμενος
2445 2498 2511 2555 Ψ,

436 2576 855 2648 ἐμπιπλάμενον
888 2582 1026 2639 9522.
1171 2578 1379 2649 πήραν]
1417 2582 1623 2650 πείραν
1656 2583 1719 2633 0.
1863 2583 2097 2650 θέρμων
2131 2580 2210 2650 τε]
2247 2601 2307 2635 τε
2345 2598 2431 2636 om
2447 2578 2512 2639 21.

575 2669 635 2721 εἶ’
658 2667 789 2736 που]
841 2668 1026 2722 εἴποι
1062 2666 1128 2725 21.
1282 2668 1349 2740 τῇ
1387 2664 1626 2737 τριόδῳ]
1664 2667 1733 2741 τῇ
1771 2685 1857 2722 om
1889 2666 1955 2725 21.
2101 2667 2213 2735 ᾠὸν
2246 2670 2292 2724 Β
2331 2671 2395 2723 ut
2429 2686 2516 2724 so-

434 2755 512 2809 let
546 2772 641 2826 pro
679 2752 808 2808 ῶόν.
953 2755 1215 2808 τοιοῦτον
1247 2752 1832 2818 BAQICAOPQQFQ,
1871 2753 2097 2808 τοιοῦτο
2137 2755 2253 2810 edd.
2292 2758 2420 2811 vett.

574 2846 624 2898 2.
700 2840 1009 2913 ἀπαγγελῶ]
1051 2839 1335 2912 ἀπαγγέλω
1372 2845 1440 2894 Φ.
1602 2839 1751 2899 ὅπως
1787 2838 1848 2895 δέ
1886 2837 2017 2896 εἰδῶ
2046 2841 2346 2896 ΒΑΟΨΦΩ
2380 2844 2436 2897 et
2469 2861 2516 2908 V,

438 2926 587 2986 ὅπως
624 2925 684 2982 δὲ
722 2923 825 2982 ι’δῶ
860 2932 952 2991 522,
1009 2924 1126 2981 εἶπέ
1182 2925 1241 2980 δὲ
1281 2926 1430 2984 ὅπως
1467 2924 1600 2981 εἰδῶ
1638 2930 1699 2994 F,
1747 2929 1841 2984 sed
1887 2930 2003 2985 πῶς
2041 2923 2096 2980 δ’
2140 2923 2271 2982 εἰδῶ
2312 2927 2362 2986 21
2397 2945 2516 2983 oum

437 3016 635 3070 Cobeto
671 3018 737 3072 V.
775 3017 838 3071 L.
875 3034 927 3086 p.
970 3019 1086 3074 108.
1161 3013 1233 3084 (21
1272 3010 1324 3067 δ’
1368 3010 1501 3068 εἰδῶ
1540 3015 1706 3070 habet
1742 3015 1954 3080 diserte,
2001 3014 2120 3072 πῶς
2163 3016 2212 3069 si
2259 3014 2392 3070 fides
2441 3016 2516 3069 si-

435 3102 640 3171 lentio).
714 3120 812 3172 ogo
848 3103 975 3157 olim
1009 3102 1237 3172 (servato
1274 3097 1446 3171 ὅπως)
1481 3100 1648 3159 ποῖός
1679 3122 1762 3159 τις
1778 3103 2115 3172 conjeceram.
2188 3104 2246 3157 at
2278 3103 2518 3157 voluerat

437 3196 530 3242 καὶ
565 3187 731 3242 τοῦτο
773 3187 994 3257 φράσον
1030 3189 1235 3254 addere,
1285 3188 1380 3242 sed
1413 3189 1478 3242 ab
1515 3188 1755 3258 Diogene
1790 3189 2175 3260 interpellatur.
2247 3189 2518 3258 vulgatam

434 3278 620 3330 tuetur
651 3276 698 3330 B
734 3277 895 3330 etiam
929 3277 988 3330 in
1021 3276 1225 3330 scholio
1260 3275 1362 3343 (IV
1380 3293 1429 3345 p.
1448 3275 1556 3344 65).
1698 3273 1895 3333 ὁποῖός
1927 3275 2030 3345 τις]
2068 3296 2156 3333 τις
2189 3293 2275 3330 om
2309 3273 2374 3333 21.

439 3360 894 3430 ἀνεπεπταμένον
941 3360 1006 3420 21.
1169 3362 1395 3431 ῥακίων]
1447 3360 1633 3431 ἄκρων
1680 3360 1746 3420 21.
1901 3360 2180 3434 ποικίλον]
2229 3359 2517 3417 ποικίλλον

444 3449 549 3504 PF.
695 3445 750 3502 δ’
793 3446 904 3520 ἀεὶ]
942 3445 1004 3502 δὲ
1043 3447 1131 3502 ἀεὶ
1166 3450 1226 3504 F.
1369 3447 1439 3501 τὰ
1473 3445 1654 3502 πολλά
1689 3447 1882 3507 τοὺςΟ
1919 3453 1975 3504 et
2007 3449 2231 3521 prmA‚
2265 3446 2516 3503 ταπολλά

438 3534 565 3594 τοὺς
598 3555 646 3601 v,
699 3535 828 3593 τοὺς
863 3536 972 3605 (om
1004 3532 1281 3605 ταπολλὰ)
1318 3534 1383 3593 21.
1541 3534 1782 3594 ἐκείνους
1817 3554 1902 3592 om
1944 3541 2008 3589 Ψ.
2168 3534 2517 3605 ἐντείλωμαί]

439 3620 754 3692 ἐντείλομαι
787 3621 852 3689 21,
891 3620 1212 3692 ἐντέλλομαι
1255 3628 1319 3675 Ψ.
1464 3621 1529 3675 οὗ
1568 3620 1740 3694 βαρὺ]
1762 3621 1826 3677 οὗ
1861 3641 1947 3679 om
1968 3627 2156 3683 ΦΩΩς.
2307 3623 2514 3693 αὐτοῖς]

441 3708 639 3766 αὐτοὺς
672 3710 772 3765 ΑΟ
810 3709 910 3779 (ita
946 3709 1031 3779 Ο).
1196 3705 1447 3778 ληροῦσι]
1496 3705 1732 3778 ληροῦσι
1780 3708 1886 3779 γὰρ
1927 3711 1987 3765 F.
2145 3711 2376 3762 ποιοῦσι
2424 3716 2517 3762 καὶ

437 3796 671 3851 τοιαῦτα
709 3784 809 3852 om‘
829 3794 895 3854 21.
1048 3795 1284 3850 τοιαῦτα
1318 3797 1602 3856 ΒΨΦΩΩ,
1637 3801 1692 3852 et
1724 3816 1772 3862 v,
1821 3816 1889 3849 τά
1936 3795 2172 3849 τοιαῦτα
2207 3795 2257 3850 Α
2292 3793 2395 3866 (ita
2427 3795 2516 3865 A),

438 3883 509 3936 τὰ
543 3884 778 3937 τοιαῦτα
818 3888 882 3947 0,
934 3883 1076 3956 quod
1121 3883 1334 3938 defendi
1379 3886 1575 3954 potest.
1731 3881 1964 3952 ἐρωτᾶν]
2004 3878 2281 3951 διερωτᾶν
2313 3884 2510 3943 M992.

580 3967 908 4025 διδάσκουσι
941 3969 1041 4024 τὸν
1075 3969 1224 4026 νοῦν.
1290 3973 1474 4022 ΠΟΛ.
1517 3967 1627 4024 ἀλλ’
1666 3967 1829 4039 (ἀλλὰ
1863 3970 2149 4039 ΒΟΨΩΩς)
2183 3971 2516 4031 ΒΟΦΨΩΩ,

441 4130 497 4181 et
529 4146 562 4182 v
597 4131 653 4182 et
687 4126 803 4197 (ubi
838 4064 949 4180 573}
987 4127 1082 4183 sed
1117 4133 1211 4179 καὶ
1246 4143 1335 4182 seo
1369 4125 1438 4194 m)
1458 4128 1518 4193 F,
1557 4128 1651 4182 sed
1683 4122 2027 4180 διδάσκουσι.
2104 4125 2246 4196 (oum
2279 4126 2517 4205 puncto),

440 4216 496 4269 et
529 4215 780 4269 continuo
814 4215 993 4285 pergit
1027 4213 1445 4285 κατηγοροῦντα
1478 4230 1668 4269 novem
1701 4214 1876 4269 verbis
1913 4214 2123 4269 omissis
2151 4213 2217 4279 A,
2252 4217 2517 4284 postremo

443 4296 819 4354 διδάσκουσιν.
893 4299 964 4369 ἦν
1001 4297 1062 4353 δὲ
1096 4299 1172 4368 μὴ
1211 4302 1524 4368 προσέχωσι
1571 4300 1672 4354 τὸν
1706 4300 1842 4354 νοῦν
1879 4298 1986 4354 ἀλλ’
2028 4298 2093 4367 21,
2140 4301 2421 4371 praeclare,
2470 4301 2518 4354 si

442 4389 565 4441 ante
610 4385 680 4455 ἢν
726 4404 951 4458 persona
1001 4389 1188 4440 ΠΟΛ.
1239 4386 1510 4442 inseritur.
1583 4387 1712 4443 hino
1764 4387 1989 4444 Luciam
2039 4403 2252 4442 manum
2301 4386 2519 4442 restitui

493 4477 676 4520 Lucum.
701 4476 782 4524 111,
810 4478 851 4521 1.
2035 4475 2101 4531 13
2521 4482 2528 4489 ·
