3099 5241
996 1252 1334 1319 ΘΕΩΝ
1393 1253 1996 1321 ΔΙΑΛΟΓΟΙ.

2241 1485 2382 1527 Boiu.
2412 1486 2431 1526 1
2458 1497 2502 1537 p.
2531 1488 2609 1528 2⁰⁴

1463 1534 1513 1598 Ι.

885 1668 1530 1739 ΠΡΟΜΗΘΕΩΣ
1581 1669 1782 1736 ΚΑΙ
1843 1670 2086 1737 ΔΙΟΣ.

628 1813 685 1875 1.
780 1809 1088 1877 ΠΡΟΜ.
1181 1803 1420 1896 ,Λῦσόν
1462 1833 1576 1892 με,
1657 1802 1705 1874 ὦ
1764 1808 1930 1874 Ζεῦ·
1991 1804 2171 1877 δεινοὶ
2226 1806 2352 1899 γὰρ
2396 1809 2527 1896 ἤδη

440 1914 789 1997 πέπονθᾳ.
903 1912 1165 1980 ΖΕΥΣ.
1259 1909 1429 1978 λύσω
1478 1935 1549 1978 σε
1593 1908 1744 1998 φῆς,
1818 1912 1892 1978 ὃν
1939 1917 2130 2001 ἐχρῆν
2170 1914 2533 2001 βαρυτέρας

584 2108 653 2161 In
705 2106 1003 2173 codicibus,
1057 2123 1194 2176 quos
1238 2122 1342 2178 ego
1396 2121 1546 2162 meos
1597 2106 1885 2176 adpellare
1930 2107 2097 2174 soleo,
2151 2107 2531 2176 inveniuntur,

442 2213 481 2249 a
517 2194 722 2264 quibus
756 2193 818 2250 hi
851 2194 1064 2265 dialogi
1097 2194 1171 2248 ad
1217 2212 1392 2249 unum
1444 2210 1636 2249 omnes
1680 2193 1885 2259 absint,
1937 2193 2181 2263 primum
2215 2194 2533 2267 Augustani

444 2278 621 2348 (nunc
674 2278 1051 2346 Monacenses)
1101 2282 1215 2335 tres
1267 2280 1330 2348 O,
1383 2281 1446 2347 P,
1493 2279 1556 2348 Q,
1609 2281 1733 2336 tum
1780 2280 1951 2336 etiam
1996 2280 2061 2349 is,
2114 2281 2212 2352 qui
2262 2282 2533 2351 plurimos

442 2368 679 2423 Luciani
723 2368 899 2423 libros
944 2367 1350 2435 complectitur,
1403 2367 1764 2423 Florentinus
1811 2382 1965 2422 meus
2000 2363 2142 2436 (Φ).“
2190 2369 2414 2424 transeo
2458 2370 2530 2426 ad

442 2472 538 2511 eos
571 2455 800 2522 codices,
836 2454 898 2510 in
931 2453 1134 2525 quibus
1167 2453 1229 2508 hi
1263 2453 1477 2524 dialogi
1510 2453 1764 2523 plerique
1798 2469 1987 2509 omnes
2003 2470 2133 2510 vere
2167 2455 2437 2526 leguntur
2470 2457 2532 2512 in

442 2541 572 2597 aliis
605 2541 720 2596 alio
755 2541 966 2607 ordine,
1001 2541 1087 2595 ita
1119 2542 1187 2596 ut
1220 2540 1409 2595 nullus
1441 2540 1693 2596 ordinem
1725 2542 1911 2597 servet
1942 2541 2224 2612 vulgatae.
2274 2542 2533 2601 exordiar

442 2632 635 2683 autem
669 2628 745 2683 ab
779 2629 857 2683 eis
891 2628 1069 2695 libris,
1117 2645 1354 2699 quorum
1399 2627 1667 2683 lectiones
1700 2627 1938 2683 aliorum
1971 2628 2222 2685 virorum
2256 2629 2532 2687 industria

435 2716 563 2786 jam
598 2732 808 2786 magna
839 2731 908 2770 ex
952 2716 1115 2783 parte
1167 2715 1551 2781 innotuerunt,
1604 2713 1680 2770 ab
1714 2706 2024 2770 Gorlicensi
2056 2711 2151 2783 (A)
2186 2718 2245 2771 et
2277 2714 2532 2773 Guelfer-

440 2804 658 2872 bytano
691 2802 877 2870 priore
911 2798 1020 2870 (F),
1075 2818 1212 2871 quos
1247 2802 1306 2858 et
1356 2817 1461 2872 ego
1509 2801 1703 2858 ambos
1754 2801 2179 2873 diligentissime
2229 2803 2443 2859 excussi
2475 2807 2534 2860 et

441 2889 665 2944 eosdem
699 2889 755 2944 O.
792 2888 1103 2943 Jacobitius
1135 2889 1278 2943 bene
1311 2887 1674 2957 comparavit.
1758 2888 1909 2960 quod
1942 2889 2016 2944 ad
2047 2889 2262 2945 codices
2314 2889 2534 2947 adtinet

442 2974 741 3044 Parisinos,
793 2976 995 3032 horum
1029 2976 1294 3031 lectiones
1327 2975 1402 3029 ab
1436 2974 1635 3030 Oarolo
1668 2974 2027 3031 Lachmanno
2062 2976 2354 3048 philologo
2388 2976 2533 3033 Vra-

440 3062 754 3118 tislaviensi
781 3063 976 3118 multis
1004 3063 1212 3120 abhinc
1235 3061 1398 3117 annis
1423 3062 1846 3119 adcuratissime
1873 3063 2123 3119 conlatas
2153 3062 2347 3118 habui.
2398 3066 2532 3119 sunt

442 3150 633 3204 autem
669 3149 804 3204 libri
838 3151 1100 3219 quatuor,
1138 3148 1183 3204 G
1219 3145 1340 3219 (qui
1373 3151 1704 3204 numeratur
1738 3144 1921 3218 3011),
1957 3150 2007 3201 A
2023 3144 2229 3217 (2956),
2265 3149 2325 3204 M
2342 3145 2531 3218 (2954)

442 3239 503 3290 et
554 3235 599 3290 L
636 3231 839 3303 (4028).
922 3237 1143 3292 eosdem
1194 3236 1370 3292 libros
1424 3235 1560 3291 olim
1608 3234 1771 3292 Belin
1824 3236 1895 3291 de
1948 3236 2115 3291 Ballu
2167 3235 2410 3292 contulit
2463 3239 2531 3291 ut

441 3321 632 3392 potuit
650 3364 663 3388 ,
730 3323 826 3395 qui
878 3323 1062 3378 multa
1113 3338 1275 3392 saepe
1327 3321 1582 3379 confudit
1633 3323 1693 3378 et
1743 3322 1970 3378 summis
2020 3323 2139 3378 ima
2188 3323 2529 3392 permiscuit.

440 3409 658 3464 restant
691 3409 902 3465 codices
931 3409 1029 3480 qui
1061 3410 1230 3465 antea
1263 3410 1337 3465 ab
1373 3408 1531 3464 nullo
1565 3409 1803 3481 inspecti
1835 3410 2001 3465 erant
2032 3412 2092 3466 et
2124 3427 2272 3466 nunc
2287 3411 2531 3479 primum

442 3496 746 3566 diligenter
791 3496 1000 3551 excussi
1046 3497 1193 3562 sunt,
1246 3496 1554 3551 Vaticanus
1588 3514 1641 3551 n.
1678 3496 1747 3550 87
1785 3491 1884 3564 (Ξῖ)
1920 3497 1979 3552 et
2023 3496 2133 3553 duo
2168 3497 2440 3554 Marciani
2472 3514 2529 3552 n.

441 3583 549 3637 436
584 3578 679 3649 (Ψ)
711 3586 769 3637 et
802 3601 858 3637 n.
892 3582 999 3636 434
1030 3578 1136 3649 (Ω).
1191 3587 1251 3639 et
1283 3583 1386 3639 hos
1422 3582 1647 3652 quidem
1680 3583 1892 3653 optime
1926 3584 2169 3640 contulit
2184 3583 2235 3638 J.
2254 3583 2530 3639 Sommer-

441 3669 717 3735 brodtius,
769 3669 930 3740 cujus
974 3669 1103 3725 vide
1147 3669 1356 3725 librum
1389 3670 1555 3725 modo
1592 3669 1835 3726 editum:
1888 3667 2197 3736 ‚Lucianea‘
2232 3689 2288 3741 p.
2326 3670 2358 3724 7
2394 3688 2531 3740 sqq„

444 3758 512 3812 de
528 3756 819 3811 Vaticanis
844 3757 1031 3810 autem
1051 3772 1155 3826 ego
1182 3756 1302 3825 ipse
1330 3772 1508 3825 nuper
1533 3756 1648 3811 alio
1677 3756 1800 3812 loco
1818 3756 2069 3812 disserui.
2117 3773 2149 3812 e
2183 3758 2530 3819 caeterorum

442 3843 718 3898 librorum
764 3859 994 3899 numero
1041 3843 1296 3912 inprimis
1329 3842 1557 3898 honoris
1591 3858 1759 3898 causa
1790 3843 2164 3899 nominandus
2198 3844 2284 3899 cst
2316 3843 2531 3900 Vindo-

442 3928 701 3984 bonensis
742 3947 798 3983 n.
850 3929 953 3983 123
985 3927 1095 3998 (B)·
1108 3930 1319 3998 partim
1363 3930 1462 3986 ille
1499 3930 1574 3985 ab
1606 3930 1657 3985 J.
1693 3925 1761 3986 H.
1799 3929 1925 3987 Chr.
1964 3929 2275 3986 Schubarto
2320 3931 2530 4000 partim

441 4016 517 4071 ab
534 4016 590 4071 O.
609 4016 889 4072 Ja-cobitio
922 4017 1193 4073 conlatus.
1266 4017 1515 4072 omnium
1547 4015 1727 4088 igitur
1761 4034 1899 4088 quos
1933 4035 2104 4086 supra
2125 4016 2244 4074 dixi
2277 4018 2529 4075 codicum

443 4103 607 4173 signa
650 4103 788 4158 haec
823 4105 988 4159 sunt:
1042 4099 1615 4160 BAOQWAQAMFL.
1685 4105 1932 4160 ceterum
1983 4105 2045 4159 in
2099 4105 2183 4159 ed.
2237 4104 2530 4162 Reitniana

441 4206 654 4259 paucae
687 4190 914 4245 tantum
949 4189 1255 4260 scripturae
1297 4189 1672 4261 reperiuntur,
1716 4207 1860 4260 quae
1894 4191 2118 4263 quidem
2153 4208 2267 4249 non
2301 4209 2370 4248 ex
2390 4183 2526 4266 cdd.

442 4276 678 4332 vetustis
729 4277 826 4333 sed
877 4293 945 4332 ex
995 4291 1107 4332 uno
1159 4277 1409 4336 alterove
1461 4277 1649 4335 codice
1699 4277 1857 4333 velut
1908 4294 1940 4333 e
1986 4276 2297 4335 Graeviano
2335 4274 2435 4346 (V)
2470 4279 2529 4334 et

445 4361 746 4419 oxoniensi
764 4359 854 4430 (D)
878 4366 937 4420 et
953 4364 1078 4420 Poli
1110 4364 1299 4422 codice
1333 4360 1423 4434 (Τ)
1455 4365 1748 4434 excerptae
1782 4364 2011 4433 fuerint,
2045 4367 2112 4421 ut
2145 4366 2335 4439 plures
2368 4365 2525 4421 codd.

498 4451 682 4494 Lucina.
711 4451 793 4500 111,
820 4452 862 4495 1.
1440 4455 1449 4463 ·
2049 4448 2113 4507 1*
