3099 5241
1205 424 1692 476 κΑΤΑΠΛονΣ.
2369 423 2495 489 153

412 597 613 664 αὐτοῦ
682 595 779 671 τίς
849 594 930 662 ἂν
970 592 1450 685 ,διηγήσασθαι
1511 593 1804 673 δύναιτο,
1878 595 1950 670 ὅς
2005 621 2080 683 γε
2133 591 2307 679 μηδὲ
2366 601 2497 660 τῶν

413 699 825 768 οἰκειοτάτων
872 690 1224 789 ἀπέσχετος
1271 702 1374 764 καὶ
1420 709 1627 765 ταῦτα
1676 701 1774 766 ὅτι
1815 697 1914 786 μὴ
1965 699 2164 775 ἄλλως
2208 696 2361 782 κενὴ
2401 701 2496 773 τίς

411 811 550 877 ἐστι,
588 804 728 870 κατ’
782 805 981 872 αὐτοῦ
1030 803 1327 892 διαβολὴ,
1391 804 1618 870 αὐτίκα
1668 808 1808 895 εἴσῃ
1853 805 2299 889 προσκαλέσας
2342 802 2496 878 τούς

410 910 525 976 ὑπ’
581 909 780 975 αὐτοῦ
839 912 1407 995 πεφονευμένους·
1471 913 1726 993 μᾶλλον
1785 910 1854 974 δὲ
1900 908 2164 994 ἄκλητοι
2210 908 2295 983 ὡς
2340 907 2496 995 ὃρᾷς

410 1012 675 1098 πάρεισι
718 1014 823 1078 καὶ
868 1012 1286 1100 περιστάντες
1334 1013 1637 1103 ἄγχουσιν
1686 1011 1909 1081 αὐτὸν.
1999 1008 2180 1080 οὗτοι
2225 1010 2489 1088 πάντες,

412 1114 459 1183 ὦ
506 1115 973 1203 ‘stemmatum
1045 1116 1213 1203 πρὸς
1270 1126 1386 1184 τοῦ
1446 1118 1779 1204 ἀλιτηρίου
1834 1125 2177 1197 τεθνᾶσιν,
2252 1122 2314 1184 οἱ
2346 1121 2496 1202 ,μὲν

408 1232 730 1313 γυναικῶν
774 1221 1120 1309 εὗιιιόρφων
1168 1207 1350 1288 ἕνεκα
1400 1223 2006 1309 ἐπιβουλευθέντες,
2073 1226 2135 1287 οἱ
2193 1223 2262 1287 δὲ·
2307 1223 2494 1288 υἱέων

411 1327 857 1417 ἀπαγομένων
921 1326 1087 1413 πρὸς
1152 1329 1343 1413 ὕβριν
1417 1324 2009 1412 ἀγανακτήσαντες,
2100 1330 2163 1392 οἱ
2247 1326 2317 1392 δὲ
2397 1328 2495 1391 ὅτι

411 1430 805 1512 ἐπλούτουν,
891 1436 953 1497 οἱ
1022 1431 1091 1497 δὲ
1158 1431 1255 1496 ὅτι
1321 1427 1497 1515 ἦσαν
1566 1432 1756 1507 δεξιοὶ
1822 1433 1927 1497 καὶ
1996 1428 2325 1517 σώφρονες
2390 1432 2495 1496 καὶ

414 1535 719 1623 οὐδαμοῦ
795 1537 1150 1622 ἠρέσκοντο
1232 1538 1392 1609 τοῑς’
1439 1534 1818 1621 δρωμένοις.
1927 1540 2032 1604 27.
2123 1536 2340 1603 PAA.
2435 1536 2499 1601 τί

579 1751 693 1803 τῶν
725 1748 1009 1803 κολάσεων
1042 1747 1106 1801 τὸ
1147 1746 1312 1815 ἳῖΦΑ,
1359 1746 1472 1799 τῶν
1508 1743 1792 1801 κολάσεσιν
1825 1747 1938 1801 τῶν
1971 1745 2032 1815 F,
2080 1744 2145 1799 τὸ
2182 1746 2295 1799 τῶν
2331 1743 2495 1799 κολά-

409 1857 552 1891 σεων
585 1855 639 1892 v.
832 1835 1184 1906 καινουργὸν]
1235 1834 1551 1904 κακουργὸν
1598 1829 1724 1905 (sic)
1775 1836 1840 1887 A.
2033 1837 2113 1892 τίς
2160 1832 2249 1903 ἂν]
2299 1832 2366 1887 ἂν
2410 1850 2499 1888 om

1902 1941 1927 1974 ε

408 1992 473 2048 Φ.
648 1994 823 2047 ταῦτα
873 1993 982 2062 ὅτι]
1031 1990 1204 2046 ταῦθ’
1248 1992 1336 2045 ὅτι
1384 1990 1447 2045 Φ.
1626 1984 1779 2062 κενὴ]
1825 1991 1986 2058 καινὴ
2041 1989 2172 2061 (Sic)
2221 1989 2286 2059 Φ,
2333 1991 2535 2083 καινή.

407 2079 473 2132 Α.
647 2074 900 2151 πάρεισι]
939 2078 1203 2148 πάρεισιν
1237 2077 1301 2133 Φ.
1490 2075 1796 2147 ἀλητηρίου
1834 2080 1899 2146 Α,
1939 2075 2228 2149 ἀλιτηρίου
2264 2077 2323 2132 F.

408 2167 644 2220 τεθνᾶσι
678 2183 725 2234 a,
772 2166 1041 2220 τεθνᾶσιν
1074 2168 1139 2219 Α.
1325 2163 1630 2234 εὐμόρφων
1664 2164 1826 2220 ἕνεκα
1863 2165 1930 2228 21,
1985 2165 2147 2220 ἕνεκα
2196 2164 2500 2234 εὐμόρφων

409 2253 605 2306 caeteri
641 2254 697 2307 et
729 2271 783 2307 v.
980 2252 1348 2322 ἀπαγομένων
1392 2246 1536 2321 πρὸς
1586 2250 1746 2322 ἱῗβριν
1789 2251 2096 2324 &BDAJK-Q),
2143 2253 2288 2322 πρὸς
2337 2251 2503 2322 ὕβριν

410 2338 779 2409 ἀπαγομένων
811 2357 865 2408 v,
915 2338 1145 2408 denique
1194 2337 1562 2407 ἀπαγομένων
1598 2355 1685 2392 om
1720 2356 1765 2392 a.
1955 2337 2209 2407 οὐδαμοῦ
2257 2339 2498 2408 plerique

406 2426 535 2481 libri
581 2428 638 2481 et
680 2445 734 2496 v,
789 2428 885 2481 sed
919 2427 964 2481 F
999 2429 1182 2480 utrum
1220 2410 1472 2494 ὄῗιδαμοῦ
1509 2425 1701 2479 habeat
1733 2442 1802 2480 an
1839 2424 2100 2494 οὐδαμῶς
2133 2426 2334 2495 nesci0,
2380 2425 2498 2480 loco

406 2514 605 2569 iterum
638 2513 942 2584 iterumque
977 2513 1236 2582 inspecto.
1308 2515 1371 2568 tu
1406 2512 1611 2582 corrige
1645 2513 1738 2566 aut
1776 2510 1997 2582 οὐδαμῆ
2034 2514 2128 2567 aut
2165 2510 2441 2579 οὐδαμῶς.

546 2606 633 2661 27.
704 2603 888 2671 poetae
937 2602 993 2656 et
1040 2602 1273 2656 oratores
1316 2617 1507 2669 magna
1539 2616 1670 2655 cum
1703 2599 1964 2669 gravitate
2002 2600 2274 2678 interdpm
2308 2615 2498 2655 vocem

408 2688 658 2743 tribuunt
703 2689 1032 2757 inanimatis,
1086 2691 1151 2742 ut
1197 2688 1487 2757 Euripides
1541 2688 1603 2740 in
1648 2687 1868 2757 Hippol.
1903 2706 1956 2743 v.
1994 2694 2114 2757 417,
2168 2689 2265 2744 ubi
2319 2690 2500 2744 confer

408 2775 841 2830 Valckenarium.
914 2777 1119 2831 scenici
1153 2792 1282 2831 vero
1328 2776 1514 2844 poetae
1564 2776 1736 2829 certas
1784 2791 1871 2829 res
1906 2777 2139 2830 humana
2171 2776 2341 2845 figura
2373 2792 2495 2845 pro·

411 2863 619 2917 ducunt
652 2865 812 2933 atque
847 2864 978 2919 adeo
1012 2863 1163 2933 loqui
1192 2863 1387 2932 jubent
1420 2861 1673 2931 inprimis
1708 2862 1769 2916 in
1805 2862 2054 2932 prologiS,
2106 2863 2200 2917 ubi
2236 2865 2497 2932 tunquam

410 2948 499 3003 dei
534 2950 731 3004 deaeve
765 2951 1046 3020 prodeunt.
1119 2950 1185 3004 de
1220 2967 1327 3019 qua
1359 2967 1417 3004 re
1447 2950 1576 3004 vide
1613 2950 1766 3005 docte
1790 2951 2144 3018 exponentem
2165 2949 2499 3004 Meinekium

410 3036 477 3089 ad
511 3036 757 3093 Menand.
793 3036 881 3095 Fr.
919 3054 970 3107 p.
996 3042 1101 3096 284
1136 3038 1218 3091 ed.
1255 3054 1353 3106 pn,
1389 3036 1547 3106 cujus
1583 3035 1847 3106 exemplis
1883 3037 2017 3091 adde
2043 3042 2264 3107 Σοφίαν
2288 3037 2497 3091 Afranii

410 3125 465 3176 et
499 3125 722 3191 Κράτος
766 3124 833 3179 ab
879 3124 1038 3180 initio
1073 3124 1379 3180 Promethei
1415 3122 1724 3192 Aeschylei.
1794 3124 2069 3179 Lucianus
2117 3126 2299 3178 autem
2341 3125 2406 3178 ut
2439 3124 2498 3177 in

410 3211 669 3282 Necyom.
710 3217 772 3270 11
810 3212 1027 3266 umbras
1074 3211 1381 3279 hominum,
1421 3211 1499 3264 ita
1531 3211 1587 3264 h.
1623 3209 1660 3263 l.
1697 3209 1899 3265 lectum
1944 3213 2002 3265 ct
2034 3211 2308 3265 lucernam
2343 3210 2499 3280 quasi

408 3302 743 3355 accusatores
790 3301 1123 3355 mortuorum
1173 3298 1438 3367 producit.
1510 3297 1753 3367 ejusdem
1798 3299 2009 3368 generis
2058 3300 2187 3353 sunt
2222 3299 2498 3367 poetarum

408 3403 716 3456 graccorum
768 3402 967 3442 versus
1028 3403 1111 3456 ap.
1166 3385 1487 3440 Piersonum
1548 3385 1617 3438 ad
1668 3384 1953 3439 Herodian.
2008 3402 2060 3454 p.
2114 3390 2235 3443 443.
2324 3401 2497 3454 neque

407 3478 588 3529 tamen
632 3475 733 3530 ulli
781 3476 1070 3545 scriptores
1119 3473 1179 3528 in
1226 3471 1495 3542 ejusmodi
1540 3474 1858 3527 commentis
1906 3472 2006 3527 diu
2051 3473 2249 3527 audent
2282 3471 2496 3539 morari,

410 3562 504 3616 sed
550 3562 733 3616 fictitii
781 3563 861 3616 dii
905 3579 1004 3617 nec
1050 3561 1269 3631 publice
1301 3558 1453 3613 ,culti
1495 3558 1671 3628 qualis
1704 3559 1952 3631 Ἔλεγχος
1997 3562 2169 3614 fuerat
2201 3558 2497 3627 Menandri,

410 3647 532 3702 ideo
581 3648 638 3701 in
686 3649 900 3720 prologo
948 3648 1224 3719 paulisper
1269 3646 1580 3716 prodibant,
1641 3663 1747 3715 quo
1801 3647 1981 3718 citius¹
2016 3661 2234 3701 rursum
2285 3663 2314 3700 e
2370 3663 2497 3701 con·

411 3736 603 3803 spectu
646 3736 911 3790 removeri
958 3737 1191 3805 possent.
1263 3734 1497 3804 denique
1546 3750 1717 3804 quum
1761 3733 2002 3788 rhetores
2036 3733 2219 3788 locum
2253 3733 2318 3787 de
2353 3754 2496 3802 προ·

412 3820 731 3889 nmmum&
794 3822 977 3877 crebro
1039 3824 1353 3877 tractarent:
1421 3820 1647 3889 accidit,
1713 3821 1777 3873 ut
1827 3819 2133 3889 Doxopater
2197 3820 2384 3874 homil.
2439 3811 2499 3873 in

412 3908 681 3977 Aphthon.
718 3908 777 3961 in
813 3907 1014 3962 Walzii
1049 3909 1264 3964 Rhetor.
1304 3910 1393 3963 Gr.
1419 3908 1540 3963 Vol.
1567 3906 1625 3961 H
1659 3923 1711 3974 p.
1740 3911 1842 3964 497
1880 3906 2044 3961 etiam
2077 3908 2323 3962 nostrum
2358 3907 2394 3961 1.
2431 3907 2497 3961 ab

413 3998 603 4049 εἴπατε
651 3995 719 4049 ad
752 4000 1088 4065 ,κατεμίαινε
1134 3996 1363 4051 adferret
1409 3996 1676 4065 praefatus
1711 4009 1837 4047 eum
1870 3992 1978 4062 legi
2015 3995 2189 4063 ,παρὰ
2226 3996 2301 4063 τῷ
2339 4001 2496 4048 Λου-

411 4084 600 4150 κιανᾳῗ
636 4084 692 4136 et
725 4081 857 4137 ibid.
894 4100 946 4152 p.
977 4081 1122 4137 XIX
1158 4083 1445 4138 scholiasta
1463 4079 1702 4152 'quidam
1736 4082 1941 4150 partem
1974 4081 2140 4150 hujus
2175 4081 2311 4150 loci,
2338 4097 2497 4150 quem

411 4167 524 4238 legi
572 4168 710 4222 dicit
757 4169 916 4239 παρὰ
962 4171 1037 4240 τῷ
1073 4173 1375 4237 ,Λουκιανοῦ
1427 4170 1485 4223 ἐν
1530 4169 1607 4236 τῷ
1650 4166 1944 4236 Κατάπλῳ.
2032 4168 2229 4237 quodsi
2276 4186 2346 4223 ex
2391 4185 2499 4223 uno

410 4272 591 4324 ungue
639 4255 851 4311 leonem
901 4272 1192 4328 agnoscere
1246 4257 1403 4325 licet,
1475 4255 1568 4309 illc
1620 4255 1850 4318 Luciani
1903 4256 2100 4324 codex,
2155 4272 2260 4324 quo
2313 4255 2499 4311 codice

409 4341 718 4413 Doxopater
763 4343 1029 4411 utebatur,
1085 4342 1285 4397 similis
1319 4345 1493 4398 fuerat
1525 4342 1932 4398 vindobonensi
1967 4341 2014 4395 B
2048 4342 2312 4412 longeque
2346 4359 2498 4412 prae-

410 4430 637 4485 stantior
670 4428 919 4486 codicillo
954 4429 1080 4500 is'to‚
1116 4446 1187 4486 cx
1222 4447 1328 4500 quo
1365 4432 1448 4485 tot
1468 4430 1739 4486 Lucianea
1763 4428 1961 4485 adtulit
1977 4429 2204 4492 Thomas
2223 4428 2496 4499 Magister.

2646 1694 2667 1725 Ι
