<?xml version="1.0" encoding="UTF-8"?>
<!DOCTYPE html PUBLIC "-//W3C//DTD XHTML 1.0 Transitional//EN"
    "http://www.w3.org/TR/xhtml1/DTD/xhtml1-transitional.dtd">
<html xmlns="http://www.w3.org/1999/xhtml" xml:lang="en" lang="en">
 <head>
  <title>
</title>
<meta http-equiv="Content-Type" content="text/html;charset=utf-8" />
  <meta name='ocr-system' content='tesseract 3.04.00' />
  <meta name='ocr-capabilities' content='ocr_page ocr_carea ocr_par ocr_line ocrx_word'/>
</head>
<body>
  <div class='ocr_page' id='page_1' title='image "./lucianussamosat01fritgoog_0321.png"; bbox 0 0 3099 5241; ppageno 0'>
   <div class='ocr_carea' id='block_1_1' title="bbox 1272 371 2626 455">
    <p class='ocr_par' dir='ltr' id='par_1_1' title="bbox 1272 371 2626 455">
     <span class='ocr_line' id='line_1_1' title="bbox 1272 371 2626 455; baseline -0.001 -1"><span class='ocrx_word' id='word_1_1' title='bbox 1272 371 1277 382; x_wconf 82' lang='grc'><strong>’</strong></span> <span class='ocrx_word' id='word_1_2' title='bbox 1397 398 1766 455; x_wconf 72' lang='lat' dir='ltr'>sosmAro</span> <span class='ocrx_word' id='word_1_3' title='bbox 2436 394 2626 453; x_wconf 76' lang='lat' dir='ltr'>xnm</span> 
     </span>
    </p>
   </div>
   <div class='ocr_carea' id='block_1_2' title="bbox 540 575 2700 979">
    <p class='ocr_par' dir='ltr' id='par_1_2' title="bbox 540 575 2700 979">
     <span class='ocr_line' id='line_1_2' title="bbox 544 575 2700 659; baseline 0 -21"><span class='ocrx_word' id='word_1_4' title='bbox 544 591 658 659; x_wconf 87' lang='lat' dir='ltr'>pro</span> <span class='ocrx_word' id='word_1_5' title='bbox 705 592 774 639; x_wconf 90' lang='lat' dir='ltr'>se</span> <span class='ocrx_word' id='word_1_6' title='bbox 820 575 1099 658; x_wconf 88' lang='lat' dir='ltr'>quisque</span> <span class='ocrx_word' id='word_1_7' title='bbox 1147 575 1507 658; x_wconf 87' lang='lat' dir='ltr'>,semideus‘</span> <span class='ocrx_word' id='word_1_8' title='bbox 1557 590 1697 641; x_wconf 87' lang='lat' dir='ltr'>esse</span> <span class='ocrx_word' id='word_1_9' title='bbox 1742 581 2127 658; x_wconf 87' lang='lat' dir='ltr'>censeretur,</span> <span class='ocrx_word' id='word_1_10' title='bbox 2170 575 2417 640; x_wconf 79' lang='lat' dir='ltr'>ridente</span> <span class='ocrx_word' id='word_1_11' title='bbox 2460 575 2627 638; x_wconf 80' lang='lat' dir='ltr'>hanc</span> <span class='ocrx_word' id='word_1_12' title='bbox 2691 652 2700 657; x_wconf 15' lang='grc' dir='ltr'>ἱ</span> 
     </span>
     <span class='ocr_line' id='line_1_3' title="bbox 541 678 2626 764; baseline 0 -22"><span class='ocrx_word' id='word_1_13' title='bbox 541 679 892 744; x_wconf 81' lang='lat' dir='ltr'>vanitatem</span> <span class='ocrx_word' id='word_1_14' title='bbox 919 679 1206 744; x_wconf 87' lang='lat' dir='ltr'>Luciano</span> <span class='ocrx_word' id='word_1_15' title='bbox 1250 681 1321 744; x_wconf 91' lang='lat' dir='ltr'>in</span> <span class='ocrx_word' id='word_1_16' title='bbox 1352 679 1557 745; x_wconf 88' lang='lat' dir='ltr'>Morte</span> <span class='ocrx_word' id='word_1_17' title='bbox 1587 679 1917 764; x_wconf 77' lang='lat' dir='ltr'>Peregrini</span> <span class='ocrx_word' id='word_1_18' title='bbox 1963 681 2001 763; x_wconf 64' lang='grc' dir='ltr'>ἓ</span> <span class='ocrx_word' id='word_1_19' title='bbox 2031 681 2138 744; x_wconf 90' lang='grc'>41.</span> <span class='ocrx_word' id='word_1_20' title='bbox 2232 678 2373 756; x_wconf 81' lang='lat' dir='ltr'>Quo</span> <span class='ocrx_word' id='word_1_21' title='bbox 2419 679 2626 764; x_wconf 81' lang='lat' dir='ltr'>magis</span> 
     </span>
     <span class='ocr_line' id='line_1_4' title="bbox 548 781 2625 868; baseline -0.001 -20"><span class='ocrx_word' id='word_1_22' title='bbox 548 784 1021 849; x_wconf 89' lang='lat' dir='ltr'>adolescentulo</span> <span class='ocrx_word' id='word_1_23' title='bbox 1063 784 1535 868; x_wconf 88' lang='lat' dir='ltr'>ignoscendum</span> <span class='ocrx_word' id='word_1_24' title='bbox 1583 788 1699 865; x_wconf 83' lang='lat' dir='ltr'>es&#39;t,</span> <span class='ocrx_word' id='word_1_25' title='bbox 1746 787 1801 849; x_wconf 92' lang='lat' dir='ltr'>si</span> <span class='ocrx_word' id='word_1_26' title='bbox 1843 781 1985 849; x_wconf 88' lang='lat' dir='ltr'>labe</span> <span class='ocrx_word' id='word_1_27' title='bbox 2026 783 2267 848; x_wconf 88' lang='lat' dir='ltr'>saeculi</span> <span class='ocrx_word' id='word_1_28' title='bbox 2298 786 2625 867; x_wconf 85' lang='lat' dir='ltr'>correptus</span> 
     </span>
     <span class='ocr_line' id='line_1_5' title="bbox 540 886 2627 979; baseline -0.001 -26"><span class='ocrx_word' id='word_1_29' title='bbox 540 886 976 979; x_wconf 80' lang='lat' dir='ltr'>Marathonem</span> <span class='ocrx_word' id='word_1_30' title='bbox 1035 889 1228 952; x_wconf 88' lang='lat' dir='ltr'>heroa</span> <span class='ocrx_word' id='word_1_31' title='bbox 1282 894 1526 973; x_wconf 89' lang='lat' dir='ltr'>patrem</span> <span class='ocrx_word' id='word_1_32' title='bbox 1582 889 1881 973; x_wconf 83' lang='lat' dir='ltr'>ediderat.</span> <span class='ocrx_word' id='word_1_33' title='bbox 1974 887 2153 965; x_wconf 82' lang='lat' dir='ltr'>Quae</span> <span class='ocrx_word' id='word_1_34' title='bbox 2214 892 2431 952; x_wconf 89' lang='lat' dir='ltr'>autem</span> <span class='ocrx_word' id='word_1_35' title='bbox 2475 904 2627 950; x_wconf 86' lang='lat' dir='ltr'>con-</span> 
     </span>
    </p>
   </div>
   <div class='ocr_carea' id='block_1_3' title="bbox 537 988 2764 1079">
    <p class='ocr_par' dir='ltr' id='par_1_3' title="bbox 537 988 2764 1079">
     <span class='ocr_line' id='line_1_6' title="bbox 537 988 2764 1079; baseline -0.001 -23"><span class='ocrx_word' id='word_1_36' title='bbox 537 993 722 1056; x_wconf 78' lang='lat' dir='ltr'>tinuo</span> <span class='ocrx_word' id='word_1_37' title='bbox 784 991 1303 1076; x_wconf 79' lang='lat' dir='ltr'>subsequuntur:</span> <span class='ocrx_word' id='word_1_38' title='bbox 1375 990 1520 1076; x_wconf 70' lang='grc' dir='ltr'>Τὴν</span> <span class='ocrx_word' id='word_1_39' title='bbox 1568 991 1637 1055; x_wconf 70' lang='grc' dir='ltr'>δὲ</span> <span class='ocrx_word' id='word_1_40' title='bbox 1684 989 1763 1075; x_wconf 71' lang='grc' dir='ltr'><em>δὴ</em></span> <span class='ocrx_word' id='word_1_41' title='bbox 1810 997 2100 1079; x_wconf 77' lang='grc' dir='ltr'><em>γλῶτταν</em></span> <span class='ocrx_word' id='word_1_42' title='bbox 2143 1030 2228 1039; x_wconf 83' lang='grc'>--</span> <span class='ocrx_word' id='word_1_43' title='bbox 2271 988 2313 1074; x_wconf 81' lang='grc' dir='ltr'><strong><em>ἡ</em></strong></span> <span class='ocrx_word' id='word_1_44' title='bbox 2374 995 2623 1078; x_wconf 74' lang='grc' dir='ltr'><strong><em>γλῶττα</em></strong></span> <span class='ocrx_word' id='word_1_45' title='bbox 2752 1052 2764 1065; x_wconf 69' lang='grc'>,</span> 
     </span>
    </p>
   </div>
   <div class='ocr_carea' id='block_1_4' title="bbox 458 1092 2624 4429">
    <p class='ocr_par' dir='ltr' id='par_1_4' title="bbox 458 1092 2624 4429">
     <span class='ocr_line' id='line_1_7' title="bbox 535 1092 2623 1180; baseline 0 -21"><span class='ocrx_word' id='word_1_46' title='bbox 535 1092 660 1180; x_wconf 67' lang='grc' dir='ltr'>τήν</span> <span class='ocrx_word' id='word_1_47' title='bbox 716 1093 922 1179; x_wconf 77' lang='grc' dir='ltr'><em>ἄκραι·</em></span> <span class='ocrx_word' id='word_1_48' title='bbox 971 1095 1252 1160; x_wconf 73' lang='grc' dir='ltr'><em>Ἀτθίδα</em></span> <span class='ocrx_word' id='word_1_49' title='bbox 1309 1093 1705 1179; x_wconf 80' lang='grc' dir='ltr'><strong><em>ἀποψάλλει,</em></strong></span> <span class='ocrx_word' id='word_1_50' title='bbox 1780 1117 1856 1162; x_wconf 83' lang='lat' dir='ltr'>ea</span> <span class='ocrx_word' id='word_1_51' title='bbox 1910 1097 1990 1162; x_wconf 82' lang='lat' dir='ltr'>ab</span> <span class='ocrx_word' id='word_1_52' title='bbox 2051 1095 2436 1161; x_wconf 76' lang='lat' dir='ltr'>Philostrato</span> <span class='ocrx_word' id='word_1_53' title='bbox 2492 1102 2623 1160; x_wconf 79' lang='lat' dir='ltr'>tam</span> 
     </span>
     <span class='ocr_line' id='line_1_8' title="bbox 541 1200 2623 1286; baseline -0 -22"><span class='ocrx_word' id='word_1_54' title='bbox 541 1202 757 1286; x_wconf 89' lang='lat' dir='ltr'>inepte</span> <span class='ocrx_word' id='word_1_55' title='bbox 811 1204 1064 1265; x_wconf 86' lang='lat' dir='ltr'>narrata</span> <span class='ocrx_word' id='word_1_56' title='bbox 1122 1206 1293 1284; x_wconf 84' lang='lat' dir='ltr'>sunt,</span> <span class='ocrx_word' id='word_1_57' title='bbox 1360 1207 1435 1266; x_wconf 89' lang='lat' dir='ltr'>ut</span> <span class='ocrx_word' id='word_1_58' title='bbox 1492 1203 1848 1268; x_wconf 88' lang='lat' dir='ltr'>Sostratum</span> <span class='ocrx_word' id='word_1_59' title='bbox 1911 1203 2235 1266; x_wconf 87' lang='lat' dir='ltr'>hominem</span> <span class='ocrx_word' id='word_1_60' title='bbox 2292 1200 2623 1264; x_wconf 87' lang='lat' dir='ltr'>literarum</span> 
     </span>
     <span class='ocr_line' id='line_1_9' title="bbox 541 1304 2622 1390; baseline -0 -21"><span class='ocrx_word' id='word_1_61' title='bbox 541 1307 768 1370; x_wconf 89' lang='lat' dir='ltr'>rudem</span> <span class='ocrx_word' id='word_1_62' title='bbox 812 1322 1015 1390; x_wconf 88' lang='lat' dir='ltr'>paene</span> <span class='ocrx_word' id='word_1_63' title='bbox 1056 1308 1128 1370; x_wconf 87' lang='lat' dir='ltr'>in</span> <span class='ocrx_word' id='word_1_64' title='bbox 1159 1308 1500 1370; x_wconf 83' lang='lat' dir='ltr'>atticistam</span> <span class='ocrx_word' id='word_1_65' title='bbox 1532 1306 1898 1389; x_wconf 84' lang='lat' dir='ltr'>Phrynicho</span> <span class='ocrx_word' id='word_1_66' title='bbox 1945 1304 2218 1370; x_wconf 90' lang='lat' dir='ltr'>similem</span> <span class='ocrx_word' id='word_1_67' title='bbox 2261 1305 2622 1371; x_wconf 80' lang='lat' dir='ltr'>mutaverit.</span> 
     </span>
     <span class='ocr_line' id='line_1_10' title="bbox 539 1409 2624 1496; baseline 0.001 -23"><span class='ocrx_word' id='word_1_68' title='bbox 539 1409 689 1494; x_wconf 89' lang='lat' dir='ltr'>Ipse</span> <span class='ocrx_word' id='word_1_69' title='bbox 731 1430 882 1475; x_wconf 87' lang='lat' dir='ltr'>vero</span> <span class='ocrx_word' id='word_1_70' title='bbox 911 1410 1205 1476; x_wconf 87' lang='lat' dir='ltr'>Herodes</span> <span class='ocrx_word' id='word_1_71' title='bbox 1249 1410 1631 1496; x_wconf 84' lang='lat' dir='ltr'>elegantiam</span> <span class='ocrx_word' id='word_1_72' title='bbox 1677 1411 1938 1496; x_wconf 83' lang='lat' dir='ltr'>linguae</span> <span class='ocrx_word' id='word_1_73' title='bbox 1982 1411 2251 1475; x_wconf 85' lang='lat' dir='ltr'>miratus</span> <span class='ocrx_word' id='word_1_74' title='bbox 2297 1410 2624 1493; x_wconf 79' lang='lat' dir='ltr'>quaesisse</span> 
     </span>
     <span class='ocr_line' id='line_1_11' title="bbox 535 1513 2623 1600; baseline -0 -22"><span class='ocrx_word' id='word_1_75' title='bbox 535 1534 571 1578; x_wconf 92' lang='lat' dir='ltr'>e</span> <span class='ocrx_word' id='word_1_76' title='bbox 616 1515 894 1580; x_wconf 83' lang='lat' dir='ltr'>Sostrate</span> <span class='ocrx_word' id='word_1_77' title='bbox 951 1515 1223 1598; x_wconf 82' lang='lat' dir='ltr'>videtur,</span> <span class='ocrx_word' id='word_1_78' title='bbox 1290 1534 1373 1579; x_wconf 85' lang='lat' dir='ltr'>an</span> <span class='ocrx_word' id='word_1_79' title='bbox 1441 1517 1630 1580; x_wconf 89' lang='lat' dir='ltr'>attice</span> <span class='ocrx_word' id='word_1_80' title='bbox 1684 1516 1866 1600; x_wconf 86' lang='lat' dir='ltr'>loqui</span> <span class='ocrx_word' id='word_1_81' title='bbox 1925 1514 2253 1579; x_wconf 84' lang='lat' dir='ltr'>didicisset</span> <span class='ocrx_word' id='word_1_82' title='bbox 2311 1513 2433 1578; x_wconf 90' lang='lat' dir='ltr'>sub</span> <span class='ocrx_word' id='word_1_83' title='bbox 2488 1531 2623 1577; x_wconf 90' lang='lat' dir='ltr'>ma·</span> 
     </span>
     <span class='ocr_line' id='line_1_12' title="bbox 535 1618 2621 1704; baseline -0 -21"><span class='ocrx_word' id='word_1_84' title='bbox 535 1620 748 1702; x_wconf 82' lang='lat' dir='ltr'>gistrO.</span> <span class='ocrx_word' id='word_1_85' title='bbox 840 1619 1026 1696; x_wconf 82' lang='lat' dir='ltr'>Quod</span> <span class='ocrx_word' id='word_1_86' title='bbox 1073 1640 1277 1704; x_wconf 88' lang='lat' dir='ltr'>quum</span> <span class='ocrx_word' id='word_1_87' title='bbox 1322 1620 1646 1685; x_wconf 80' lang='lat' dir='ltr'>Sostratus</span> <span class='ocrx_word' id='word_1_88' title='bbox 1688 1621 1932 1686; x_wconf 88' lang='lat' dir='ltr'>factum</span> <span class='ocrx_word' id='word_1_89' title='bbox 1973 1623 2290 1704; x_wconf 80' lang='lat' dir='ltr'>negasset,</span> <span class='ocrx_word' id='word_1_90' title='bbox 2333 1618 2621 1682; x_wconf 88' lang='lat' dir='ltr'>Herodes</span> 
     </span>
     <span class='ocr_line' id='line_1_13' title="bbox 533 1723 2623 1810; baseline 0 -23"><span class='ocrx_word' id='word_1_91' title='bbox 533 1723 577 1787; x_wconf 86' lang='lat' dir='ltr'><strong>J</strong></span> <span class='ocrx_word' id='word_1_92' title='bbox 578 1724 798 1788; x_wconf 85' lang='lat' dir='ltr'>uliano</span> <span class='ocrx_word' id='word_1_93' title='bbox 842 1724 1108 1790; x_wconf 82' lang='lat' dir='ltr'>fortasse</span> <span class='ocrx_word' id='word_1_94' title='bbox 1163 1726 1520 1810; x_wconf 78' lang='lat' dir='ltr'>scripserat,</span> <span class='ocrx_word' id='word_1_95' title='bbox 1574 1724 1643 1788; x_wconf 89' lang='lat' dir='ltr'>in</span> <span class='ocrx_word' id='word_1_96' title='bbox 1690 1725 1868 1807; x_wconf 76' lang='lat' dir='ltr'>lociS,</span> <span class='ocrx_word' id='word_1_97' title='bbox 1928 1743 2091 1807; x_wconf 89' lang='lat' dir='ltr'>quos</span> <span class='ocrx_word' id='word_1_98' title='bbox 2136 1724 2458 1789; x_wconf 84' lang='lat' dir='ltr'>Sostratus</span> <span class='ocrx_word' id='word_1_99' title='bbox 2499 1723 2623 1787; x_wconf 68' lang='lat' dir='ltr'>ire-</span> 
     </span>
     <span class='ocr_line' id='line_1_14' title="bbox 538 1826 2624 1913; baseline 0 -21"><span class='ocrx_word' id='word_1_100' title='bbox 538 1830 879 1911; x_wconf 87' lang='lat' dir='ltr'>quentarit,</span> <span class='ocrx_word' id='word_1_101' title='bbox 934 1830 1186 1894; x_wconf 86' lang='lat' dir='ltr'>Atticae</span> <span class='ocrx_word' id='word_1_102' title='bbox 1240 1831 1741 1913; x_wconf 78' lang='lat' dir='ltr'>mediterraneiS,</span> <span class='ocrx_word' id='word_1_103' title='bbox 1800 1829 1974 1913; x_wconf 89' lang='lat' dir='ltr'>quod</span> <span class='ocrx_word' id='word_1_104' title='bbox 2027 1828 2121 1893; x_wconf 91' lang='lat' dir='ltr'>ibi</span> <span class='ocrx_word' id='word_1_105' title='bbox 2180 1826 2432 1892; x_wconf 86' lang='lat' dir='ltr'>barbari</span> <span class='ocrx_word' id='word_1_106' title='bbox 2491 1829 2624 1892; x_wconf 88' lang='lat' dir='ltr'>sint</span> 
     </span>
     <span class='ocr_line' id='line_1_15' title="bbox 542 1933 2617 2019; baseline 0 -24"><span class='ocrx_word' id='word_1_107' title='bbox 542 1933 729 2015; x_wconf 91' lang='lat' dir='ltr'>nulli,</span> <span class='ocrx_word' id='word_1_108' title='bbox 782 1934 1118 2018; x_wconf 86' lang='lat' dir='ltr'>plerosque</span> <span class='ocrx_word' id='word_1_109' title='bbox 1172 1936 1378 2019; x_wconf 88' lang='lat' dir='ltr'>magis</span> <span class='ocrx_word' id='word_1_110' title='bbox 1424 1935 1613 1999; x_wconf 88' lang='lat' dir='ltr'>attice</span> <span class='ocrx_word' id='word_1_111' title='bbox 1655 1934 1837 2017; x_wconf 87' lang='lat' dir='ltr'>loqui</span> <span class='ocrx_word' id='word_1_112' title='bbox 1884 1953 2080 2017; x_wconf 88' lang='lat' dir='ltr'>quam</span> <span class='ocrx_word' id='word_1_113' title='bbox 2122 1933 2281 2017; x_wconf 89' lang='lat' dir='ltr'>ipsis</span> <span class='ocrx_word' id='word_1_114' title='bbox 2325 1933 2617 1997; x_wconf 83' lang='lat' dir='ltr'>Athenis.</span> 
     </span>
     <span class='ocr_line' id='line_1_16' title="bbox 458 2031 2623 2122; baseline 0 -22"><span class='ocrx_word' id='word_1_115' title='bbox 458 2031 463 2043; x_wconf 82' lang='grc'><em>“</em></span> <span class='ocrx_word' id='word_1_116' title='bbox 538 2035 708 2101; x_wconf 80' lang='lat' dir='ltr'>Talis</span> <span class='ocrx_word' id='word_1_117' title='bbox 768 2036 942 2102; x_wconf 89' lang='lat' dir='ltr'>enim</span> <span class='ocrx_word' id='word_1_118' title='bbox 997 2037 1352 2102; x_wconf 81' lang='lat' dir='ltr'>observatio</span> <span class='ocrx_word' id='word_1_119' title='bbox 1396 2039 1467 2102; x_wconf 87' lang='lat' dir='ltr'>in</span> <span class='ocrx_word' id='word_1_120' title='bbox 1510 2038 1831 2104; x_wconf 90' lang='lat' dir='ltr'>Herodem</span> <span class='ocrx_word' id='word_1_121' title='bbox 1879 2038 2048 2101; x_wconf 87' lang='lat' dir='ltr'>cadit</span> <span class='ocrx_word' id='word_1_122' title='bbox 2091 2037 2437 2122; x_wconf 82' lang='lat' dir='ltr'>sophistam</span> <span class='ocrx_word' id='word_1_123' title='bbox 2481 2054 2623 2121; x_wconf 88' lang='lat' dir='ltr'>per-</span> 
     </span>
     <span class='ocr_line' id='line_1_17' title="bbox 539 2140 2620 2226; baseline -0 -21"><span class='ocrx_word' id='word_1_124' title='bbox 539 2140 915 2225; x_wconf 83' lang='lat' dir='ltr'>elegantem,</span> <span class='ocrx_word' id='word_1_125' title='bbox 960 2142 1132 2206; x_wconf 86' lang='lat' dir='ltr'>cadit</span> <span class='ocrx_word' id='word_1_126' title='bbox 1174 2143 1366 2207; x_wconf 85' lang='lat' dir='ltr'>etiam</span> <span class='ocrx_word' id='word_1_127' title='bbox 1409 2144 1480 2207; x_wconf 90' lang='lat' dir='ltr'>in</span> <span class='ocrx_word' id='word_1_128' title='bbox 1518 2142 1998 2225; x_wconf 89' lang='lat' dir='ltr'>Philostratum,</span> <span class='ocrx_word' id='word_1_129' title='bbox 2045 2143 2159 2226; x_wconf 89' lang='lat' dir='ltr'>qui</span> <span class='ocrx_word' id='word_1_130' title='bbox 2202 2140 2273 2204; x_wconf 89' lang='lat' dir='ltr'>in</span> <span class='ocrx_word' id='word_1_131' title='bbox 2318 2141 2419 2205; x_wconf 90' lang='lat' dir='ltr'>his</span> <span class='ocrx_word' id='word_1_132' title='bbox 2461 2142 2620 2226; x_wconf 86' lang='lat' dir='ltr'>ipsis</span> 
     </span>
     <span class='ocr_line' id='line_1_18' title="bbox 531 2243 2619 2331; baseline 0.001 -25"><span class='ocrx_word' id='word_1_133' title='bbox 531 2244 702 2310; x_wconf 79' lang='lat' dir='ltr'>Vitis</span> <span class='ocrx_word' id='word_1_134' title='bbox 745 2264 807 2331; x_wconf 88' lang='lat' dir='ltr'>p.</span> <span class='ocrx_word' id='word_1_135' title='bbox 856 2247 986 2312; x_wconf 83' lang='lat'>624</span> <span class='ocrx_word' id='word_1_136' title='bbox 1030 2244 1170 2311; x_wconf 84' lang='lat' dir='ltr'>init.</span> <span class='ocrx_word' id='word_1_137' title='bbox 1221 2247 1300 2312; x_wconf 85' lang='lat' dir='ltr'>de</span> <span class='ocrx_word' id='word_1_138' title='bbox 1344 2248 1619 2312; x_wconf 83' lang='lat' dir='ltr'>Aeliano</span> <span class='ocrx_word' id='word_1_139' title='bbox 1665 2247 1950 2331; x_wconf 87' lang='lat' dir='ltr'>scripsit:</span> <span class='ocrx_word' id='word_1_140' title='bbox 2014 2243 2351 2328; x_wconf 70' lang='grc' dir='ltr'>ἠττίκιζετ·,</span> <span class='ocrx_word' id='word_1_141' title='bbox 2404 2244 2619 2328; x_wconf 75' lang='grc' dir='ltr'><strong><em>ὥσπερ</em></strong></span> 
     </span>
     <span class='ocr_line' id='line_1_19' title="bbox 532 2349 2619 2437; baseline 0.001 -25"><span class='ocrx_word' id='word_1_142' title='bbox 532 2352 594 2412; x_wconf 80' lang='grc' dir='ltr'>οἱ</span> <span class='ocrx_word' id='word_1_143' title='bbox 655 2353 722 2412; x_wconf 73' lang='grc' dir='ltr'>ἐν</span> <span class='ocrx_word' id='word_1_144' title='bbox 778 2356 859 2435; x_wconf 70' lang='grc' dir='ltr'>τῇ</span> <span class='ocrx_word' id='word_1_145' title='bbox 919 2349 1232 2437; x_wconf 75' lang='grc' dir='ltr'>μεσογείᾳ</span> <span class='ocrx_word' id='word_1_146' title='bbox 1284 2349 1661 2433; x_wconf 73' lang='grc' dir='ltr'><em>Ἀθηναῖοι,</em></span> <span class='ocrx_word' id='word_1_147' title='bbox 1733 2371 1866 2414; x_wconf 88' lang='lat' dir='ltr'>non</span> <span class='ocrx_word' id='word_1_148' title='bbox 1925 2351 2095 2414; x_wconf 75' lang='lat' dir='ltr'>cadit</span> <span class='ocrx_word' id='word_1_149' title='bbox 2148 2352 2219 2413; x_wconf 90' lang='lat' dir='ltr'>in</span> <span class='ocrx_word' id='word_1_150' title='bbox 2265 2349 2619 2414; x_wconf 81' lang='lat' dir='ltr'>Sostratum</span> 
     </span>
     <span class='ocr_line' id='line_1_20' title="bbox 536 2452 2620 2540; baseline 0.001 -24"><span class='ocrx_word' id='word_1_151' title='bbox 536 2452 805 2518; x_wconf 88' lang='lat' dir='ltr'>bubulci</span> <span class='ocrx_word' id='word_1_152' title='bbox 847 2454 1054 2520; x_wconf 89' lang='lat' dir='ltr'>filium</span> <span class='ocrx_word' id='word_1_153' title='bbox 1102 2461 1166 2521; x_wconf 88' lang='lat' dir='ltr'>et</span> <span class='ocrx_word' id='word_1_154' title='bbox 1206 2456 1554 2521; x_wconf 87' lang='lat' dir='ltr'>Herculem</span> <span class='ocrx_word' id='word_1_155' title='bbox 1598 2457 1933 2520; x_wconf 89' lang='lat' dir='ltr'>rusticum.</span> <span class='ocrx_word' id='word_1_156' title='bbox 2023 2454 2347 2540; x_wconf 86' lang='lat' dir='ltr'>Deinceps</span> <span class='ocrx_word' id='word_1_157' title='bbox 2375 2454 2620 2519; x_wconf 80' lang='lat' dir='ltr'>Herodi</span> 
     </span>
     <span class='ocr_line' id='line_1_21' title="bbox 527 2555 2618 2646; baseline 0.001 -24"><span class='ocrx_word' id='word_1_158' title='bbox 527 2556 944 2644; x_wconf 81' lang='lat' dir='ltr'>interroganti</span> <span class='ocrx_word' id='word_1_159' title='bbox 984 2561 1262 2646; x_wconf 86' lang='lat' dir='ltr'>Agathio</span> <span class='ocrx_word' id='word_1_160' title='bbox 1306 2560 1671 2646; x_wconf 82' lang='lat' dir='ltr'>respondet,</span> <span class='ocrx_word' id='word_1_161' title='bbox 1733 2559 1929 2625; x_wconf 88' lang='lat' dir='ltr'>semel</span> <span class='ocrx_word' id='word_1_162' title='bbox 1986 2579 2055 2624; x_wconf 91' lang='lat' dir='ltr'>se</span> <span class='ocrx_word' id='word_1_163' title='bbox 2109 2559 2282 2624; x_wconf 90' lang='lat' dir='ltr'>ludis</span> <span class='ocrx_word' id='word_1_164' title='bbox 2327 2555 2618 2641; x_wconf 76' lang='lat' dir='ltr'>Pythicis</span> 
     </span>
     <span class='ocr_line' id='line_1_22' title="bbox 527 2664 2618 2748; baseline 0 -21"><span class='ocrx_word' id='word_1_165' title='bbox 527 2664 915 2747; x_wconf 87' lang='lat' dir='ltr'>interfuisse,</span> <span class='ocrx_word' id='word_1_166' title='bbox 973 2686 1106 2729; x_wconf 89' lang='lat' dir='ltr'>non</span> <span class='ocrx_word' id='word_1_167' title='bbox 1163 2671 1379 2730; x_wconf 86' lang='lat' dir='ltr'>tamen</span> <span class='ocrx_word' id='word_1_168' title='bbox 1425 2672 1500 2729; x_wconf 88' lang='lat' dir='ltr'>ut</span> <span class='ocrx_word' id='word_1_169' title='bbox 1543 2665 1771 2729; x_wconf 85' lang='lat' dir='ltr'>turbae</span> <span class='ocrx_word' id='word_1_170' title='bbox 1817 2684 1885 2729; x_wconf 90' lang='lat' dir='ltr'>se</span> <span class='ocrx_word' id='word_1_171' title='bbox 1929 2665 2332 2748; x_wconf 88' lang='lat' dir='ltr'>immisceret,</span> <span class='ocrx_word' id='word_1_172' title='bbox 2392 2681 2618 2729; x_wconf 87' lang='lat' dir='ltr'>verum</span> 
     </span>
     <span class='ocr_line' id='line_1_23' title="bbox 526 2768 2617 2856; baseline 0 -24"><span class='ocrx_word' id='word_1_173' title='bbox 526 2785 565 2833; x_wconf 88' lang='lat' dir='ltr'>e</span> <span class='ocrx_word' id='word_1_174' title='bbox 638 2768 954 2834; x_wconf 89' lang='lat' dir='ltr'>Parnasso</span> <span class='ocrx_word' id='word_1_175' title='bbox 1030 2774 1340 2855; x_wconf 87' lang='lat' dir='ltr'>spectaret</span> <span class='ocrx_word' id='word_1_176' title='bbox 1413 2770 1790 2854; x_wconf 83' lang='lat' dir='ltr'>tragoedias.</span> <span class='ocrx_word' id='word_1_177' title='bbox 1906 2769 2206 2834; x_wconf 90' lang='lat' dir='ltr'>Crederes</span> <span class='ocrx_word' id='word_1_178' title='bbox 2280 2770 2431 2856; x_wconf 85' lang='lat' dir='ltr'>hinc</span> <span class='ocrx_word' id='word_1_179' title='bbox 2503 2768 2617 2835; x_wconf 84' lang='lat' dir='ltr'>So·</span> 
     </span>
     <span class='ocr_line' id='line_1_24' title="bbox 526 2874 2615 2960; baseline 0 -23"><span class='ocrx_word' id='word_1_180' title='bbox 526 2879 835 2958; x_wconf 85' lang='lat' dir='ltr'>stratum,</span> <span class='ocrx_word' id='word_1_181' title='bbox 908 2876 1022 2959; x_wconf 88' lang='lat' dir='ltr'>qui</span> <span class='ocrx_word' id='word_1_182' title='bbox 1089 2877 1280 2940; x_wconf 89' lang='lat' dir='ltr'>etiam</span> <span class='ocrx_word' id='word_1_183' title='bbox 1346 2875 1501 2938; x_wconf 91' lang='lat' dir='ltr'>ibid.</span> <span class='ocrx_word' id='word_1_184' title='bbox 1572 2895 1636 2960; x_wconf 84' lang='lat' dir='ltr'>p.</span> <span class='ocrx_word' id='word_1_185' title='bbox 1697 2875 1852 2946; x_wconf 65' lang='lat'>554,</span> <span class='ocrx_word' id='word_1_186' title='bbox 1894 2874 2001 2938; x_wconf 88' lang='lat' dir='ltr'>fin.</span> <span class='ocrx_word' id='word_1_187' title='bbox 2067 2874 2312 2939; x_wconf 88' lang='lat' dir='ltr'>Herodi</span> <span class='ocrx_word' id='word_1_188' title='bbox 2379 2895 2416 2938; x_wconf 91' lang='lat' dir='ltr'>a</span> <span class='ocrx_word' id='word_1_189' title='bbox 2486 2892 2615 2958; x_wconf 86' lang='lat' dir='ltr'>quo</span> 
     </span>
     <span class='ocr_line' id='line_1_25' title="bbox 525 2978 2617 3064; baseline 0.001 -23"><span class='ocrx_word' id='word_1_190' title='bbox 525 2978 837 3043; x_wconf 79' lang='lat' dir='ltr'>invitatus</span> <span class='ocrx_word' id='word_1_191' title='bbox 893 2984 1027 3044; x_wconf 89' lang='lat' dir='ltr'>erat</span> <span class='ocrx_word' id='word_1_192' title='bbox 1084 3000 1281 3064; x_wconf 90' lang='lat' dir='ltr'>quam</span> <span class='ocrx_word' id='word_1_193' title='bbox 1335 2981 1619 3064; x_wconf 89' lang='lat' dir='ltr'>primum</span> <span class='ocrx_word' id='word_1_194' title='bbox 1681 3000 1749 3045; x_wconf 91' lang='lat' dir='ltr'>se</span> <span class='ocrx_word' id='word_1_195' title='bbox 1805 2980 2204 3063; x_wconf 84' lang='lat' dir='ltr'>subduxerit,</span> <span class='ocrx_word' id='word_1_196' title='bbox 2261 2984 2617 3044; x_wconf 82' lang='lat' dir='ltr'>conventus</span> 
     </span>
     <span class='ocr_line' id='line_1_26' title="bbox 524 3082 2612 3169; baseline 0 -23"><span class='ocrx_word' id='word_1_197' title='bbox 524 3082 861 3147; x_wconf 89' lang='lat' dir='ltr'>hominum</span> <span class='ocrx_word' id='word_1_198' title='bbox 925 3082 1146 3169; x_wconf 83' lang='lat' dir='ltr'>fugere</span> <span class='ocrx_word' id='word_1_199' title='bbox 1203 3084 1460 3148; x_wconf 90' lang='lat' dir='ltr'>solitum</span> <span class='ocrx_word' id='word_1_200' title='bbox 1517 3104 1673 3149; x_wconf 92' lang='lat' dir='ltr'>esse.</span> <span class='ocrx_word' id='word_1_201' title='bbox 1765 3083 2139 3169; x_wconf 86' lang='lat' dir='ltr'>Eodemque</span> <span class='ocrx_word' id='word_1_202' title='bbox 2192 3085 2331 3148; x_wconf 90' lang='lat' dir='ltr'>loco</span> <span class='ocrx_word' id='word_1_203' title='bbox 2389 3083 2612 3147; x_wconf 81' lang='lat' dir='ltr'>verba:</span> 
     </span>
     <span class='ocr_line' id='line_1_27' title="bbox 527 3185 2615 3276; baseline 0.001 -27"><span class='ocrx_word' id='word_1_204' title='bbox 527 3185 636 3250; x_wconf 79' lang='grc' dir='ltr'>ὅτε</span> <span class='ocrx_word' id='word_1_205' title='bbox 685 3185 1066 3271; x_wconf 67' lang='grc' dir='ltr'>Παμμένης</span> <span class='ocrx_word' id='word_1_206' title='bbox 1122 3190 1227 3251; x_wconf 76' lang='grc' dir='ltr'>ἐπὶ</span> <span class='ocrx_word' id='word_1_207' title='bbox 1273 3187 1594 3276; x_wconf 65' lang='grc' dir='ltr'>’τραγῳδίᾳ</span> <span class='ocrx_word' id='word_1_208' title='bbox 1640 3187 2053 3273; x_wconf 70' lang='grc' dir='ltr'>ἐθαυμάσθη</span> <span class='ocrx_word' id='word_1_209' title='bbox 2099 3189 2352 3271; x_wconf 82' lang='lat' dir='ltr'>Kayser</span> <span class='ocrx_word' id='word_1_210' title='bbox 2393 3187 2615 3252; x_wconf 79' lang='lat' dir='ltr'>Indice</span> 
     </span>
     <span class='ocr_line' id='line_1_28' title="bbox 524 3292 2614 3380; baseline -0 -25"><span class='ocrx_word' id='word_1_211' title='bbox 524 3312 587 3377; x_wconf 87' lang='lat' dir='ltr'>p.</span> <span class='ocrx_word' id='word_1_212' title='bbox 633 3292 820 3357; x_wconf 92' lang='lat' dir='ltr'>XVII</span> <span class='ocrx_word' id='word_1_213' title='bbox 885 3300 1055 3358; x_wconf 89' lang='lat' dir='ltr'>recte</span> <span class='ocrx_word' id='word_1_214' title='bbox 1115 3294 1194 3358; x_wconf 91' lang='lat' dir='ltr'>de</span> <span class='ocrx_word' id='word_1_215' title='bbox 1253 3292 1603 3358; x_wconf 87' lang='lat' dir='ltr'>Pammene</span> <span class='ocrx_word' id='word_1_216' title='bbox 1662 3296 1907 3378; x_wconf 89' lang='lat' dir='ltr'>accepit</span> <span class='ocrx_word' id='word_1_217' title='bbox 1961 3294 2323 3380; x_wconf 81' lang='lat' dir='ltr'>tragoediae</span> <span class='ocrx_word' id='word_1_218' title='bbox 2385 3297 2614 3374; x_wconf 84' lang='lat' dir='ltr'>actore,</span> 
     </span>
     <span class='ocr_line' id='line_1_29' title="bbox 527 3393 2614 3484; baseline -0.001 -23"><span class='ocrx_word' id='word_1_219' title='bbox 527 3393 591 3461; x_wconf 88' lang='lat' dir='ltr'>N</span> <span class='ocrx_word' id='word_1_220' title='bbox 592 3395 822 3461; x_wconf 83' lang='lat' dir='ltr'>auckio</span> <span class='ocrx_word' id='word_1_221' title='bbox 909 3400 980 3462; x_wconf 90' lang='lat' dir='ltr'>in</span> <span class='ocrx_word' id='word_1_222' title='bbox 1059 3398 1235 3483; x_wconf 70' lang='lat' dir='ltr'>&#39;hag</span> <span class='ocrx_word' id='word_1_223' title='bbox 1307 3397 1412 3462; x_wconf 86' lang='lat' dir='ltr'>Gr.</span> <span class='ocrx_word' id='word_1_224' title='bbox 1480 3398 1580 3462; x_wconf 80' lang='lat' dir='ltr'>Fr.</span> <span class='ocrx_word' id='word_1_225' title='bbox 1652 3419 1715 3484; x_wconf 84' lang='lat' dir='ltr'>p.</span> <span class='ocrx_word' id='word_1_226' title='bbox 1788 3400 1915 3465; x_wconf 85' lang='lat'>734</span> <span class='ocrx_word' id='word_1_227' title='bbox 1992 3399 2361 3465; x_wconf 88' lang='lat' dir='ltr'>dubitanter</span> <span class='ocrx_word' id='word_1_228' title='bbox 2437 3395 2614 3460; x_wconf 87' lang='lat' dir='ltr'>hunc</span> 
     </span>
     <span class='ocr_line' id='line_1_30' title="bbox 523 3500 2615 3588; baseline -0 -23"><span class='ocrx_word' id='word_1_229' title='bbox 523 3500 939 3567; x_wconf 86' lang='lat' dir='ltr'>Pammenem</span> <span class='ocrx_word' id='word_1_230' title='bbox 1039 3505 1109 3567; x_wconf 91' lang='lat' dir='ltr'>in</span> <span class='ocrx_word' id='word_1_231' title='bbox 1208 3505 1415 3588; x_wconf 89' lang='lat' dir='ltr'>poetis</span> <span class='ocrx_word' id='word_1_232' title='bbox 1503 3504 1763 3587; x_wconf 89' lang='lat' dir='ltr'>tragicis</span> <span class='ocrx_word' id='word_1_233' title='bbox 1851 3509 2303 3585; x_wconf 89' lang='lat' dir='ltr'>enumerante,</span> <span class='ocrx_word' id='word_1_234' title='bbox 2410 3517 2615 3584; x_wconf 88' lang='lat' dir='ltr'>quum</span> 
     </span>
     <span class='ocr_line' id='line_1_31' title="bbox 521 3606 2605 3693; baseline 0 -25"><span class='ocrx_word' id='word_1_235' title='bbox 521 3606 858 3672; x_wconf 86' lang='lat' dir='ltr'>immemor</span> <span class='ocrx_word' id='word_1_236' title='bbox 916 3626 1137 3673; x_wconf 89' lang='lat' dir='ltr'>eorum</span> <span class='ocrx_word' id='word_1_237' title='bbox 1191 3613 1376 3691; x_wconf 88' lang='lat' dir='ltr'>esset,</span> <span class='ocrx_word' id='word_1_238' title='bbox 1436 3626 1602 3692; x_wconf 88' lang='lat' dir='ltr'>quae</span> <span class='ocrx_word' id='word_1_239' title='bbox 1662 3608 1741 3671; x_wconf 88' lang='lat' dir='ltr'>ab</span> <span class='ocrx_word' id='word_1_240' title='bbox 1800 3607 2118 3673; x_wconf 86' lang='lat' dir='ltr'>Lobeckio</span> <span class='ocrx_word' id='word_1_241' title='bbox 2175 3610 2244 3671; x_wconf 91' lang='lat' dir='ltr'>in</span> <span class='ocrx_word' id='word_1_242' title='bbox 2292 3609 2605 3693; x_wconf 84' lang='lat' dir='ltr'>Aglaoph.</span> 
     </span>
     <span class='ocr_line' id='line_1_32' title="bbox 521 3712 2613 3797; baseline 0 -22"><span class='ocrx_word' id='word_1_243' title='bbox 521 3729 586 3796; x_wconf 89' lang='lat' dir='ltr'>p.</span> <span class='ocrx_word' id='word_1_244' title='bbox 634 3713 765 3778; x_wconf 80' lang='lat'>975</span> <span class='ocrx_word' id='word_1_245' title='bbox 810 3732 903 3797; x_wconf 88' lang='lat' dir='ltr'>sq.</span> <span class='ocrx_word' id='word_1_246' title='bbox 969 3715 1203 3797; x_wconf 88' lang='lat' dir='ltr'>scripta</span> <span class='ocrx_word' id='word_1_247' title='bbox 1257 3718 1414 3778; x_wconf 90' lang='lat' dir='ltr'>sunt</span> <span class='ocrx_word' id='word_1_248' title='bbox 1467 3714 1817 3778; x_wconf 77' lang='lat' dir='ltr'>verissime.</span> <span class='ocrx_word' id='word_1_249' title='bbox 1934 3712 2230 3777; x_wconf 88' lang='lat' dir='ltr'>Ceterum</span> <span class='ocrx_word' id='word_1_250' title='bbox 2288 3712 2613 3796; x_wconf 82' lang='lat' dir='ltr'>tragoedia</span> 
     </span>
     <span class='ocr_line' id='line_1_33' title="bbox 521 3816 2612 3903; baseline 0 -23"><span class='ocrx_word' id='word_1_251' title='bbox 521 3831 654 3881; x_wconf 87' lang='lat' dir='ltr'>non</span> <span class='ocrx_word' id='word_1_252' title='bbox 713 3833 1097 3903; x_wconf 85' lang='lat' dir='ltr'>magnopere</span> <span class='ocrx_word' id='word_1_253' title='bbox 1150 3819 1476 3883; x_wconf 87' lang='lat' dir='ltr'>hominem</span> <span class='ocrx_word' id='word_1_254' title='bbox 1527 3819 1700 3901; x_wconf 87' lang='lat' dir='ltr'>juvit</span> <span class='ocrx_word' id='word_1_255' title='bbox 1742 3820 2079 3901; x_wconf 88' lang='lat' dir='ltr'>rusticum,</span> <span class='ocrx_word' id='word_1_256' title='bbox 2141 3817 2315 3902; x_wconf 90' lang='lat' dir='ltr'>quod</span> <span class='ocrx_word' id='word_1_257' title='bbox 2357 3816 2612 3902; x_wconf 86' lang='lat' dir='ltr'>Pelopi-</span> 
     </span>
     <span class='ocr_line' id='line_1_34' title="bbox 523 3917 2613 4007; baseline 0 -23"><span class='ocrx_word' id='word_1_258' title='bbox 523 3917 749 3985; x_wconf 82' lang='lat' dir='ltr'>darum</span> <span class='ocrx_word' id='word_1_259' title='bbox 795 3928 857 3986; x_wconf 90' lang='lat' dir='ltr'>et</span> <span class='ocrx_word' id='word_1_260' title='bbox 899 3922 1406 3988; x_wconf 87' lang='lat' dir='ltr'>Labdacidarum</span> <span class='ocrx_word' id='word_1_261' title='bbox 1454 3922 1747 4007; x_wconf 87' lang='lat' dir='ltr'>improba</span> <span class='ocrx_word' id='word_1_262' title='bbox 1788 3924 1953 3988; x_wconf 86' lang='lat' dir='ltr'>facta</span> <span class='ocrx_word' id='word_1_263' title='bbox 1995 3924 2288 3988; x_wconf 90' lang='lat' dir='ltr'>homines</span> <span class='ocrx_word' id='word_1_264' title='bbox 2320 3922 2401 3986; x_wconf 86' lang='lat' dir='ltr'>ad</span> <span class='ocrx_word' id='word_1_265' title='bbox 2444 3922 2613 3986; x_wconf 75' lang='lat' dir='ltr'>mala</span> 
     </span>
     <span class='ocr_line' id='line_1_35' title="bbox 517 4026 2611 4114; baseline 0 -24"><span class='ocrx_word' id='word_1_266' title='bbox 517 4026 801 4091; x_wconf 87' lang='lat' dir='ltr'>facinora</span> <span class='ocrx_word' id='word_1_267' title='bbox 845 4027 1097 4093; x_wconf 90' lang='lat' dir='ltr'>allicere</span> <span class='ocrx_word' id='word_1_268' title='bbox 1141 4047 1327 4113; x_wconf 89' lang='lat' dir='ltr'>posse</span> <span class='ocrx_word' id='word_1_269' title='bbox 1373 4030 1627 4094; x_wconf 88' lang='lat' dir='ltr'>diceret.</span> <span class='ocrx_word' id='word_1_270' title='bbox 1704 4028 1920 4093; x_wconf 89' lang='lat' dir='ltr'>Nihilo</span> <span class='ocrx_word' id='word_1_271' title='bbox 1965 4026 2170 4114; x_wconf 88' lang='lat' dir='ltr'>magis</span> <span class='ocrx_word' id='word_1_272' title='bbox 2213 4028 2387 4093; x_wconf 91' lang='lat' dir='ltr'>ludis</span> <span class='ocrx_word' id='word_1_273' title='bbox 2419 4028 2611 4092; x_wconf 84' lang='lat' dir='ltr'>Grae·</span> 
     </span>
     <span class='ocr_line' id='line_1_36' title="bbox 518 4133 2609 4217; baseline 0 -22"><span class='ocrx_word' id='word_1_274' title='bbox 518 4146 743 4195; x_wconf 80' lang='lat' dir='ltr'>corum</span> <span class='ocrx_word' id='word_1_275' title='bbox 787 4133 1110 4217; x_wconf 86' lang='lat' dir='ltr'>gymnicis</span> <span class='ocrx_word' id='word_1_276' title='bbox 1167 4134 1455 4199; x_wconf 88' lang='lat' dir='ltr'>incultus</span> <span class='ocrx_word' id='word_1_277' title='bbox 1510 4134 1618 4199; x_wconf 92' lang='lat' dir='ltr'>ille</span> <span class='ocrx_word' id='word_1_278' title='bbox 1674 4135 2041 4199; x_wconf 87' lang='lat' dir='ltr'>adolescens</span> <span class='ocrx_word' id='word_1_279' title='bbox 2099 4134 2448 4198; x_wconf 84' lang='lat' dir='ltr'>delectatus</span> <span class='ocrx_word' id='word_1_280' title='bbox 2492 4137 2609 4215; x_wconf 88' lang='lat' dir='ltr'>est,</span> 
     </span>
     <span class='ocr_line' id='line_1_37' title="bbox 522 4235 2608 4324; baseline 0 -26"><span class='ocrx_word' id='word_1_281' title='bbox 522 4251 686 4318; x_wconf 87' lang='lat' dir='ltr'>quos</span> <span class='ocrx_word' id='word_1_282' title='bbox 752 4235 918 4301; x_wconf 92' lang='lat' dir='ltr'>ultro</span> <span class='ocrx_word' id='word_1_283' title='bbox 983 4238 1215 4319; x_wconf 81' lang='lat' dir='ltr'>irrisit,</span> <span class='ocrx_word' id='word_1_284' title='bbox 1295 4258 1501 4321; x_wconf 89' lang='lat' dir='ltr'>quum</span> <span class='ocrx_word' id='word_1_285' title='bbox 1575 4239 1714 4323; x_wconf 88' lang='lat' dir='ltr'>ipse</span> <span class='ocrx_word' id='word_1_286' title='bbox 1777 4241 1993 4324; x_wconf 89' lang='lat' dir='ltr'>potius</span> <span class='ocrx_word' id='word_1_287' title='bbox 2061 4241 2347 4304; x_wconf 87' lang='lat' dir='ltr'>censeret</span> <span class='ocrx_word' id='word_1_288' title='bbox 2411 4253 2608 4301; x_wconf 83' lang='lat' dir='ltr'>cursu</span> 
     </span>
     <span class='ocr_line' id='line_1_38' title="bbox 520 4342 2608 4429; baseline 0.002 -28"><span class='ocrx_word' id='word_1_289' title='bbox 520 4355 763 4423; x_wconf 84' lang='lat' dir='ltr'>equum</span> <span class='ocrx_word' id='word_1_290' title='bbox 820 4342 922 4407; x_wconf 85' lang='lat' dir='ltr'>vel</span> <span class='ocrx_word' id='word_1_291' title='bbox 980 4359 1239 4407; x_wconf 82' lang='lat' dir='ltr'>cervum</span> <span class='ocrx_word' id='word_1_292' title='bbox 1298 4344 1693 4408; x_wconf 87' lang='lat' dir='ltr'>vincendum</span> <span class='ocrx_word' id='word_1_293' title='bbox 1752 4364 1892 4410; x_wconf 86' lang='lat' dir='ltr'>esse</span> <span class='ocrx_word' id='word_1_294' title='bbox 1953 4350 2147 4429; x_wconf 85' lang='lat' dir='ltr'>atque</span> <span class='ocrx_word' id='word_1_295' title='bbox 2205 4346 2393 4409; x_wconf 81' lang='lat' dir='ltr'>etiam</span> <span class='ocrx_word' id='word_1_296' title='bbox 2456 4357 2608 4406; x_wconf 85' lang='lat' dir='ltr'>cum</span> 
     </span>
    </p>
   </div>
  </div>
 </body>
</html>
