3099 5241
553 359 695 432 180
1374 391 1801 443 AOPKIANOT

528 559 793 648 ’Ἀρειον
835 559 1081 649 πάγον.
1189 561 1393 627 ΤΙΜ.
1465 561 1575 627 καὶ
1616 559 1760 648 ,ινῆν
1804 561 1890 628 ἄν
1931 588 2006 651 γε
2047 563 2280 649 μικρὸν
2326 566 2418 630 ἔτι
2459 565 2625 651 βρα-

546 663 766 753 δύνῃς,
816 662 1031 752 φόνου
1052 662 1216 753 τάχα
1244 664 1838 752 προσκεκλὴσομαι.
1913 667 2218 735 ΓΝΑΘ.
2269 667 2620 754 μηδαμῶς·

543 767 698 834 ἄλλα
764 766 843 836 σύ
898 794 973 858 γε
1026 766 1290 845 πάντως
1346 767 1422 835 τὸ
1481 778 1747 855 τραῦμα
1796 773 1974 836 ἴασαι
2015 776 2254 857 μικρὸν
2298 771 2627 846 ἐπιπάσας

541 880 663 940 τοῦ
726 873 1012 962 χρυσίου·
1093 873 1315 948 δεινῶς
1368 873 1493 959 γάρ
1555 871 1859 962 ἴσχαιμόν
1919 881 2053 941 ἐστι
2108 874 2185 942 τὸ
2245 874 2621 962 φάρμακον.

556 979 761 1045 TIM.
814 982 906 1044 ἔτι
946 975 1071 1065 γὰρ
1115 979 1334 1062 μένεις
1349 1005 1373 1058 ,·
1441 980 1509 1044 Γ
1502 980 1748 1046 ΝΑΘ.
1819 979 2073 1066 ἄπειμι,
2127 978 2201 1047 σύ
2254 981 2324 1046 δὲ
2369 980 2450 1047 οὗ
2492 1005 2630 1070 χαι-

545 1080 764 1168 ρήσεις
821 1082 994 1147 οὕτω
1046 1080 1268 1157 σκαιὸς
1312 1088 1377 1147 ἐκ
1420 1090 1698 1171 χρηστοῦ
1745 1081 2127 1171 γενόμενος.
2237 1087 2342 1152 47.
2423 1086 2625 1152 ΤΙΜ.

546 1187 644 1261 τίς
692 1185 939 1270 [ἄλλος]
985 1178 1178 1260 οὗτός
1221 1191 1393 1253 ἐστιν
1442 1185 1477 1252 ὃ
1509 1186 1826 1273 προσιών,
1878 1187 1914 1254 ὃ
1939 1187 2426 1275 ἀναφαλαντίας
2440 1216 2463 1269 3
2517 1189 2634 1255 Φι-

550 1287 798 1373 λιάδης,
871 1286 1159 1355 κολάκων
1218 1287 1536 1356 ἁπάντων
1597 1290 1632 1356 ὁ
1691 1290 2197 1378 βδελυρώτατος.
2318 1287 2509 1368 οὗτος
2564 1292 2635 1358 δὲ

553 1391 756 1481 ἀγρὸν
824 1394 974 1458 ὅλον
1034 1399 1193 1478 παρ’
1254 1400 1419 1480 ἐμοῦ
1480 1393 1700 1482 λαβὼν
1757 1398 1863 1462 καὶ
1919 1403 2002 1484 τῇ
2057 1398 2343 1485 θυγατρὶ
2396 1409 2634 1483 προῖκα

555 1494 678 1564 δύο
738 1494 1048 1575 τάλαντα,
1110 1495 1370 1581 μισθὸν
1427 1505 1548 1565 τοῦ
1609 1499 1906 1580 ἐπαίνου,
1974 1498 2177 1567 ὁπότε
2237 1498 2489 1587 ᾄσαντά
2548 1526 2637 1586 με

553 1600 824 1668 πάντων
872 1599 1267 1669 σιωπώντων
1309 1599 1520 1688 μὸνος
1563 1602 2076 1693 ὑπερεπῄνεσεν,
2127 1603 2638 1691 ἐπομοσάμενος

554 1704 949 1795 ᾠδικώτερον
1007 1705 1173 1773 εἶναι
1228 1713 1360 1774 τῶν
1417 1704 1689 1787 κύκνων,
1763 1706 1986 1794 ἐπειδή
2034 1716 2365 1776 νοσοῦντα
2410 1707 2639 1797 πρῴην

558 1808 686 1877 εἶδέ
741 1836 831 1895 με
888 1809 1060 1900 κάγώ
1115 1813 1505 1897 προσῆλθον
1565 1813 1933 1900 ἐπικουρίας
1990 1812 2328 1899 δεόμενος,
2389 1810 2640 1900 πληγάς

560 1913 595 1981 ὁ
649 1928 945 2003 γενναῖος
996 1918 1506 2003 προσενέτεινεν.
1599 1920 1707 1986 48.
1774 1919 1969 1984 ΦΙΛ.
2035 1915 2084 1985 ὥ
2128 1924 2247 2003 τῆς
2291 1915 2639 2007 ἀναισχυν-

560 2163 654 2203 voe
690 2139 766 2201 εἷς
787 2141 1013 2214 ’Ἀρειον
1044 2142 1227 2214 πάγον
1272 2166 1344 2214 με
1379 2143 1820 2216 προύκαλέσατο.
1897 2163 2031 2216 quae
2073 2162 2180 2201 non
2227 2146 2399 2200 solum
2447 2165 2475 2200 e
2518 2161 2643 2199 oon·-

561 2250 771 2305 fusione
804 2266 990 2304 vocum
1024 2235 1138 2319 προ
1176 2253 1232 2305 et
1264 2270 1423 2319 προς,
1463 2252 1559 2306 sed
1594 2252 1754 2307 etiam
1789 2268 1849 2305 ex
1886 2267 2059 2304 errore
2091 2250 2328 2319 ipsorum
2358 2252 2486 2304 nata
2520 2251 2647 2303 sunt

562 2338 1041 2408 grammaticorum.
1183 2332 1260 2396 εἷς
1281 2336 1523 2407 Ἄρειον]
1566 2333 1643 2396 εἷς
1675 2338 1775 2391 τὸν
1813 2336 2009 2407 ἄρειον
2043 2338 2108 2392 R.
2250 2337 2376 2391 libri
2411 2334 2643 2407 ἐπιβρα-

566 2421 748 2495 δύνῃς,
789 2424 882 2478 sed
917 2427 1061 2478 recte
1097 2422 1180 2477 ἔτι
1214 2421 1498 2499 βραδύνῃς
1540 2443 1702 2495 quum
1736 2426 1831 2479 alii
1876 2427 1991 2478 tum
2026 2424 2259 2479 Cobetus
2295 2424 2376 2478 De
2414 2426 2528 2478 arte
2561 2423 2645 2478 in-

560 2513 779 2580 terpret.
816 2529 868 2580 p.
911 2512 1027 2566 124.
1166 2509 1657 2580 προσκεκλήσομαι
1680 2515 1724 2563 0
1762 2510 1880 2581 (qui
1912 2511 2028 2565 sine
2061 2526 2286 2580 persona
2303 2510 2506 2580 pergit:
2541 2530 2648 2578 μη-

567 2594 777 2666 δαμῶς)
824 2599 880 2651 et
925 2596 1150 2653 fortasse
1193 2601 1363 2658 §1929
1398 2598 1487 2668 (2),
1533 2596 1990 2669 προκεκλήσομαι
2023 2597 2214 2663 PRYa‚
2260 2593 2643 2670 προσκεκλήοῃ

563 2705 634 2754 με
672 2686 738 2750 V,
790 2681 1139 2756 προκεκλήσῃ
1186 2706 1256 2755 με
1306 2686 1355 2741 A
1405 2690 1461 2741 et
1502 2705 1552 2741 v.
1624 2687 1942 2756 scripturam
1993 2682 2485 2754 προσκεκλήσομαι
2531 2685 2648 2753 jure

564 2773 756 2843 probat
790 2771 1022 2827 Cobetus
1057 2774 1123 2828 V.
1163 2774 1223 2828 L.
1258 2792 1311 2844 p.
1350 2777 1435 2839 80,
1471 2774 1561 2828 oui
1595 2774 1755 2828 etiam
1791 2773 1855 2827 de
1879 2772 2076 2826 Futuri
2107 2772 2259 2826 tertii
2292 2771 2435 2842 apud
2467 2787 2648 2827 recen-

566 2861 729 2915 tiores
776 2860 1061 2930 scriptores
1110 2862 1280 2916 abusu
1328 2860 1614 2916 adsentior.
1775 2856 2066 2926 ἐπιπάσας]
2105 2856 2412 2916 ἐπισπάσας
2444 2858 2511 2913 A.

709 2946 792 2999 ἕτι
826 2949 1035 3015 μένεις;
1072 2948 1246 3017 vulg0‚
1282 2947 1376 3002 sed
1412 2946 1495 3000 ἔτι
1527 2947 1635 3017 γὰρ
1655 2949 1863 3015 μένειςς
1900 2945 2233 3011 A052522PR,
2271 2940 2327 2998 εἰ
2348 2944 2431 2997 ἔτι
2447 2941 2646 3012 μένεις,

571 3034 767 3105 ἑτέραν
814 3029 963 3106 λήψῃ
1016 3035 1077 3089 L.
1151 3033 1376 3105 denique
1428 3039 1484 3087 Ψ
1523 3034 1729 3088 omittit
1768 3051 1874 3087 non
1922 3034 2094 3088 solum
2126 3032 2286 3087 verba
2331 3031 2414 3085 ἔτι
2449 3033 2646 3098 μένεις,

569 3138 752 3176 verum
786 3121 948 3175 etiam
993 3119 1172 3175 decem
1216 3122 1453 3191 proxima
1497 3138 1671 3191 usque
1716 3121 1784 3174 ad
1815 3117 2127 3189 γενόμενος.
2201 3120 2291 3174 oui
2324 3118 2556 3184 lectioni,
2590 3119 2655 3171 ut

571 3226 728 3279 saepe
763 3208 1155 3273 omissionibus,
1190 3208 1346 3278 plane
1380 3208 1521 3262 nihil
1552 3207 1894 3261 tribuendum
1930 3210 2030 3262 est.

665 3347 670 3352 ,
710 3298 797 3350 47.
869 3295 997 3348 libri
1028 3297 1109 3352 τίς
1144 3284 1305 3351 οὗτος
1338 3313 1438 3361 -;
1494 3311 1677 3348 verum
1723 3295 1989 3365 supplevi:
2033 3296 2114 3351 τίς
2160 3289 2320 3349 ἄλλος
2356 3281 2518 3349 οὗτος
2553 3310 2651 3358 -·;

574 3381 753 3438 confer
787 3382 1046 3436 Piscator.
1085 3380 1118 3448 ξ
1152 3383 1222 3436 49
1258 3381 1377 3435 init.
1452 3384 1506 3434 et
1540 3381 1768 3436 Charon.
1806 3381 1839 3448 ἓ
1864 3386 1896 3437 9
1933 3382 2052 3436 init.
2191 3378 2446 3446 πρασιῶν
2480 3380 2544 3432 ut
2575 3378 2655 3432 vi·-

576 3470 732 3524 detm·
777 3467 842 3534 A,
889 3466 1160 3534 προσιὼν,
1216 3464 1660 3535 ἀναφαλλαντίας
1707 3471 1773 3520 0.
1936 3466 2108 3538 ἀγρὸν
2159 3463 2291 3519 ὅλον
2335 3462 2464 3534 παρ’
2517 3462 2654 3532 ἐμοῦ

574 3554 917 3620 ΑΨΩςΟΡΒ,
963 3552 1092 3623 παρ’
1135 3552 1272 3621 ἐμοῦ
1312 3552 1486 3623 ἀγρὸν
1524 3550 1656 3606 ὅλον
1690 3556 1739 3605 Ω
1781 3557 1837 3609 et
1868 3573 1916 3609 v.
2057 3557 2269 3621 προῖκα
2303 3569 2387 3607 om
2422 3553 2473 3607 R
2505 3553 2561 3605 et
2593 3568 2659 3622 pr

552 3633 630 3698 >m
673 3647 737 3695 Ψ.
885 3679 899 3694 .
922 3646 961 3710 β
980 3679 994 3693 .
1034 3659 1079 3695 a.
1221 3638 1412 3708 ὁπότε]
1448 3640 1552 3694 hoo
1586 3658 1690 3695 usu
1727 3643 1783 3695 et
1815 3659 1914 3710 ego
1950 3641 2199 3696 obfensus
2236 3656 2355 3694 sum
2384 3641 2440 3692 et
2456 3637 2656 3693 Sohwi-

580 3730 767 3801 dopius
817 3727 974 3784 Obss.
1023 3728 1151 3783 Luc.
1189 3728 1270 3782 IV
1314 3745 1367 3797 p.
1406 3729 1490 3783 22.
1565 3729 1932 3796 exspectabam
1967 3725 2077 3781 ὅτε.
2241 3722 2661 3794 ἐπομοσάμενος

581 3818 789 3874 codices
827 3832 1023 3881 omnes,
1078 3812 1511 3883 ἕπωμοσάμενος
1556 3813 1671 3869 edd.
1721 3817 1850 3869 vett.
2009 3810 2349 3881 ᾠδικότερον
2380 3809 2501 3865 bed.

580 3903 795 3974 πρῴην]
831 3900 1115 3972 πρότερον
1148 3903 1213 3956 Y.
1353 3902 1480 3956 libri
1514 3908 1609 3953 καὶ
1640 3899 1975 3971 προσῆλθον
1992 3900 2187 3969 (Faber
2217 3901 2399 3954 narrat
2425 3904 2518 3950 καὶ
2551 3896 2657 3967 γὰρ

582 3988 914 4062 προσῆλθον
943 3990 1140 4045 habere
1158 3990 1405 4056 ,codicem
1420 3989 1664 4055 Erasmi‘‚
1700 3989 1793 4059 qui
1821 3988 1982 4042 codex
2006 3988 2186 4042 nullus
2203 3985 2347 4054 fuit).
2419 3987 2476 4039 at
2492 3985 2660 4054 serip-

585 4082 660 4136 sit
692 4079 987 4134 Lucianus:
1023 4074 1172 4146 κάγὼ
1211 4071 1562 4145 προσῆλθον,
1600 4079 1665 4129 ut
1697 4093 1903 4145 semper
1935 4074 2068 4129 facit
2103 4074 2163 4128 in
2195 4073 2488 4128 mutatione
2523 4071 2660 4125 Sub-

581 4168 728 4239 jecti.
798 4165 918 4221 vide
952 4165 1035 4219 vel
1068 4157 1209 4219 ilifra
1241 4164 1273 4231 ἓ
1309 4166 1378 4220 49
1410 4162 1513 4217 bis.
1656 4164 2075 4232 προσενέτεινεν
2109 4160 2345 4222 AP5292,
2394 4159 2660 4228 προσενέ-

586 4273 731 4309 τεινε
767 4271 815 4319 v,
848 4253 1173 4324 προσέτεινε
1214 4254 1278 4314 0,
1316 4252 1675 4321 προσέτεινεν
1717 4255 1782 4314 Ψ,
1820 4251 2145 4319 προέτεινεν
2162 4250 2226 4304 R.
2278 4246 2506 4317 pendere
2531 4245 2663 4299 haec

587 4342 836 4399 videntur
868 4341 934 4396 ab
969 4339 1242 4396 Demosth.
1278 4338 1337 4393 in
1369 4337 1576 4394 Midian
1610 4341 1692 4407 12,
1726 4341 1761 4396 8
1796 4337 1878 4393 ed.
1913 4337 2134 4393 Bekker.
