3099 5241
489 383 691 439 XXIV
1228 384 1329 438 DE
1381 382 1841 439 FRAGMENTIS

664 536 991 625 Antonius
1038 560 1100 626 S.
1151 560 1280 625 170
1335 558 1506 642 Περὶ
1566 558 1828 645 διδαχῆς
1869 558 1977 639 καὶ
2022 555 2231 646 λόγων
2277 558 2381 621 καὶ
2428 555 2579 640 ὄμμ-

492 663 631 737 λίας
685 686 746 749 p.
794 666 945 745 278,
994 665 1108 730 19:
1139 652 1204 727 ’ὁ
1264 659 1452 749 λόγος
1497 702 1583 713 -
1632 671 1847 751 σχῆμα
1905 684 2055 729 oum
2109 665 2232 729 hoc
2282 664 2580 728 lemmate

486 769 963 853 ·,Demonactis‘.
1055 764 1146 833 At
1200 770 1378 833 hunc
1431 770 1646 854 ipsum
1701 771 1918 833 locum
1966 769 2240 851 ,Socrati‘
2290 769 2398 833 dat
2441 768 2579 832 Sto·
2637 774 2640 777 '

493 874 693 939 baeus
748 874 985 938 Floril..
1010 872 1316 956 LXXXI,
1365 875 1467 956 13,
1492 875 1640 971 ‘ubi
1696 876 2027 939 verissime
2087 875 2397 959 scriptum
2447 878 2577 938 est:

496 976 530 1042 ὃ
577 973 768 1063 λόγος
816 977 1031 1059 ὥσπερ
1077 974 1374 1059 πλῒὲοτης
1421 975 1680 1063 ἀγαθὸς
1727 975 1921 1042 καλὸν
1980 984 2061 1066 τῇ
2115 984 2291 1063 ψυχῇ·
2338 976 2582 1059 περι-τί-

494 1088 661 1164 θησι
708 1087 949 1168 σχῆμα.
1045 1080 1345 1165 Denique
1386 1081 1660 1147 Orellius
1705 1082 1735 1146 I
1777 1104 1837 1167 p.
1870 1084 1914 1148 4
1949 1084 2079 1163 ‚hoc
2125 1085 2369 1183 dictum
2412 1082 2579 1147 male
2707 1096 2722 1115 ·

495 1187 792 1271 adsignat
837 1185 1271 1271 ,Demophilo‘.

1413 1290 1656 1355 XXIII.

670 1392 972 1467 Πλοῦτος
1052 1390 1187 1458 ἀπὸ
1268 1399 1467 1475 κακῆς
1535 1394 1836 1481 ἐργασίας
1910 1393 2375 1482 ἐπιγενόμενος
2440 1400 2584 1461 ἐπι-
2641 1459 2647 1465 .

496 1498 900 1584 φανέστερον
946 1496 1195 1573 ὄνειδος
1239 1501 1557 1582 κέκτηται.

670 1605 998 1669 Antonius
1047 1604 1108 1668 S.
1142 1605 1226 1670 41
1275 1601 1449 1687 Περὶ
1492 1602 1865 1678 πλεονεξίας
1910 1629 1965 1670 κ.
2002 1631 2060 1669 τ.
2099 1605 2153 1669 λ.
2204 1626 2265 1689 p.
2310 1606 2416 1689 64,
2464 1607 2579 1672 19:

497 1707 781 1780 πλοῦτος
823 1745 913 1755 --
960 1708 1257 1791 κέκτηται
1313 1729 1463 1773 cum
1518 1711 1846 1774 lemmate:
1909 1708 2278 1792 ,Democriti
2334 1711 2411 1775 al.
2458 1690 2583 1775 De-

502 1814 856 1877 monactis‘.
948 1813 1039 1877 At
1090 1813 1285 1897 pauio
1340 1819 1485 1897 post
1538 1814 1713 1879 idem
1757 1814 2084 1878 Antonius
2130 1815 2351 1879 eadem
2392 1814 2604 1880 verba‘

500 1917 730 1983 tribuit
777 1917 1066 2000 ,Chiloni‘
1117 1917 1403 1982 scribens
1447 1955 1531 1964 —
1579 1913 2076 2003 περιγινόμενσς
2106 1928 2168 1983 et
2196 1916 2271 1981 τὸ
2307 1916 2579 1992 ὄνειδος.

500 2022 696 2087 Recte
741 2041 891 2086 vero
949 2021 1262 2086 Stobaeus
1320 2022 1483 2085 Flor.
1532 2022 1618 2104 X,
1664 2024 1744 2087 37
1796 2027 1858 2101 et
1906 2021 2302 2105 ,Democrito‘
2365 2024 2471 2088 dat
2526 2030 2588 2088 et
2626 2094 2632 2107 ,

498 2127 663 2192 bene
709 2126 956 2191 scribit:
1005 2126 1315 2202 ,πλοῦτος
1355 2123 1490 2188 ἀπὸ
1524 2131 1721 2207 κακῆς
1752 2126 2051 2212 ἐργασίης
2083 2124 2589 2213 περιγενόμενος

500 2231 1009 2314 ἐπιφανέστερον
1039 2226 1114 2293 τὸ
1148 2226 1401 2301 ὄνειδος
1432 2231 1779 2313 κε’κτηταιῆ
1851 2230 2046 2295 Iterat
2087 2232 2243 2296 haec
2274 2232 2587 2298 Stobaeus

501 2337 591 2401 tit.
638 2337 744 2419 92,
794 2335 874 2400 15
922 2335 1301 2400 emendante
1344 2335 1782 2400 Burchhardo.

1430 2439 1668 2503 XXIV.

677 2542 1019 2628 Χρήματα
1080 2544 1370 2628 πορίζειν
1427 2546 1554 2628 μὲν
1614 2541 1732 2606 οὐκ
1778 2543 2055 2633 ἀχρεῖον,
2122 2549 2184 2620 ἐξ
2228 2544 2475 2620 ἀδικίας
2521 2545 2592 2612 δὲ

502 2646 774 2713 πάντων
817 2645 1063 2713 κάκιον.

675 2755 1003 2819 Antonius
1048 2754 1111 2819 S.
1143 2755 1225 2819 41
1273 2775 1333 2838 p.
1382 2756 1487 2837 64,
1535 2756 1650 2819 21:
1697 2750 1997 2838 χρήματα
2046 2794 2130 2802 —
2176 2751 2401 2819 κάκιον
2446 2761 2591 2840 post

501 2860 664 2948 illud
707 2861 918 2943 ipsum
965 2859 1218 2941 lemma,
1266 2860 1438 2943 quod
1469 2859 1657 2923 modo
1690 2859 1994 2923 diximus.
2063 2860 2154 2924 At
2196 2862 2301 2924 hic
2336 2860 2589 2943 ,Demo-

505 2964 665 3028 criti‘
713 2964 895 3028 locus
942 2969 1056 3046 est,
1102 2966 1201 3029 uti
1246 2969 1415 3028 recte
1461 2962 1773 3027 Stoba-eus
1818 2963 1983 3027 Flor.
2028 2963 2437 3047 LXXXXV,
2484 2965 2591 3048 25,

503 3069 620 3133 ubi
665 3073 902 3133 exstat:
964 3064 1294 3155 ,χρήματα
1339 3067 1629 3151 πορίζειν
1672 3069 1801 3150 μὲν
1848 3064 1966 3130 οὐκ
2013 3065 2288 3153 ἀχρεῖον,
2341 3072 2403 3142 ἐξ
2450 3067 2593 3132 ἀδι-

506 3175 644 3254 κίης
695 3171 765 3235 δὲ
812 3169 1079 3244 πάντως
1124 3169 1400 3236 κάκιονί.
1491 3170 1710 3235 Scribe
1756 3167 2025 3256 ἁχρήισν
2071 3193 2222 3236 cum
2250 3173 2589 3239 Meinekio.

503 3278 672 3342 Male
738 3276 1008 3339 πάντων
1074 3272 1300 3340 κάκιον
1365 3277 1557 3340 habet
1623 3277 1815 3339 etiam
1884 3276 2019 3340 cod.
2084 3276 2419 3343 Palatinus
2486 3299 2585 3362 ap.

510 3382 818 3447 Orellium
860 3380 891 3444 I
935 3401 997 3464 p.
1044 3382 1194 3447 501.
1316 3381 1522 3445 Immo
1599 3380 1834 3445 scribe:
1914 3377 2186 3444 πάντων
2261 3379 2584 3445 κάκιστον.

506 3486 675 3550 Nam
730 3479 1003 3548 πάντων
1067 3505 1217 3549 cum
1287 3485 1672 3570 superlativo
1732 3486 1923 3569 Jungi
1979 3486 2137 3550 solet
2192 3492 2268 3550 ut
2326 3482 2595 3550 πάντων

402 3615 404 3619 ’
505 3586 789 3675 μάλιστα
837 3610 932 3674 ap.
978 3590 1137 3653 Plat.
1188 3589 1453 3653 Conviv.
1501 3610 1562 3674 p.
1614 3590 1761 3671 189,
1808 3589 1873 3653 O.

682 3693 930 3771 Quodsi
974 3694 1285 3777 Marcum,
1346 3696 1476 3779 qui.
1503 3693 1916 3759 Demonactis
1970 3696 2146 3759 locos
2205 3694 2395 3760 habet
2452 3714 2595 3779 per-

507 3819 767 3885 paucOS,
826 3802 1061 3864 iterum
1117 3800 1409 3864 evolvere
1467 3799 1776 3883 licuisset,
1831 3799 2097 3865 fortasse
2144 3799 2222 3864 de
2266 3819 2398 3864 uno
2445 3799 2597 3864 alte-

508 3924 661 3970 rove
708 3924 742 3969 e
788 3903 1227 3988 superioribus
1270 3905 1429 3968 locis
1461 3905 1815 3969 attulissem
1845 3903 2062 3988 paullo
2095 3906 2376 3968 certiora.
2446 3904 2508 3969 Ν
2512 3924 2594 3968 911

506 4017 663 4094 puto
695 4015 908 4074 tamen
939 4010 1143 4074 multa
1172 4029 1276 4074 1119
1304 4009 1526 4094 fugere
1558 4011 1864 4095 potuisse,
1907 4009 2019 4073 sed
2053 4010 2595 4093 quemadmodum

510 4135 706 4199 supra
752 4113 909 4197 dixi,
971 4114 1050 4178 de
1115 4113 1555 4199 compluribus
1612 4114 1769 4177 locis
1829 4134 2065 4199 anceps
2113 4114 2436 4197 judicium
2481 4119 2598 4195 est,

510 4222 722 4284 sintne
769 4218 1066 4283 Clitarchi
1108 4218 1304 4283 verba
1347 4216 1448 4302 (ut
1500 4220 1621 4283 hoc
1675 4222 1839 4301 utar)
1888 4239 1970 4283 an
2016 4219 2197 4283 Sexti
2256 4237 2422 4282 anne
2467 4216 2593 4281 De-

509 4326 840 4401 monactis.
966 4324 1147 4388 Haec
1223 4324 1425 4408 igitur
1504 4343 1669 4408 quae
1747 4343 1782 4387 e
1860 4323 2113 4389 Stobaei
2192 4323 2592 4407 aliorumque
