3099 5241
1161 409 1367 460 οΕΩΝ
1408 410 1807 461 ΔιΑΛοΓοι.
2437 380 2531 450 77

450 577 574 645 τὸν
632 579 951 665 Πρίαπον
1009 584 1426 667 ἐπιχειρῆσαι.
1520 577 1693 645 ΛΠ.
1756 576 1893 644 ἀλλ’
1954 578 2072 645 οὐκ
2125 578 2529 668 ἐπιχειρήσει,

454 677 507 748 ὦ
551 680 858 749 Διόνυσε·
910 681 1027 770 ἔχω
1070 680 1197 770 γάρ
1239 684 1408 768 μετὰ
1454 690 1578 766 τῆς
1618 679 1833 766 κόμης
1876 683 1982 748 καὶ
2026 680 2202 759 τόξα.

1382 855 1616 922 XXIV.

976 974 1325 1043 EPMOY
1392 974 1595 1040 KAI
1660 977 2010 1042 ΜΑΙΑΣ.

633 1099 690 1161 1.
737 1097 965 1162 ΕΡΜ.
1013 1093 1200 1161 ’Ἐστι
1241 1092 1366 1183 γάρ
1410 1120 1528 1173 τις,
1582 1091 1630 1161 ὦ
1673 1102 1907 1182 μῆτερ,
1959 1101 2030 1162 ἐν
2076 1095 2332 1183 οὐρανῷ
2377 1095 2537 1171 θεὸς

457 1197 851 1284 ἀθλιώτερος
896 1204 1106 1282 ἐμοῦς
1164 1201 1380 1265 ΜΑΙ.
1452 1196 1553 1282 μή
1600 1199 1761 1287 λέγε,
1814 1195 1862 1265 ὦ
1910 1197 2170 1285 “Ερμῆ,
2232 1207 2539 1266 τοιοῦτον

454 1302 689 1389 μηδὲν.
784 1303 1013 1370 ΕΡΜ.
1077 1302 1142 1368 τί
1180 1299 1279 1386 μῆ
1326 1302 1507 1389 λέγω,
1561 1302 1636 1376 ὃς
1676 1309 1971 1368 τοσαῦτα
2014 1301 2376 1391 πράγματα
2423 1307 2536 1391 ἔχω

454 1405 666 1493 μόνος
722 1404 996 1491 κάμνων
1052 1406 1159 1472 καὶ
1218 1403 1386 1492 πρὸς
1441 1403 1770 1482 τοσαύτας
1826 1405 2189 1492 ὑπηρεσίας
2245 1405 2539 1473 διασπώ-

455 1535 660 1596 μενος
673 1538 701 1591 3
755 1517 965 1576 ἕωθεν
1022 1513 1153 1594 μὲν
1191 1507 1315 1597 γὰρ
1363 1507 1809 1585 ἐξαναστάντα
1858 1510 2100 1596 σαίρειν
2145 1509 2221 1576 τὸ
2270 1505 2568 1595 avane-⁴*

362 1633 369 1638 '
460 1639 604 1680 σιον
673 1617 791 1692 δεῖ,
870 1615 975 1678 καὶ
1046 1612 1535 1699 διαστρώσαντα
1603 1611 1729 1698 τὴν
1790 1614 2037 1699 κλισίαν
2106 1613 2538 1680 εὐθετίσαντά

457 1726 696 1783 ἕκαστα
751 1715 1161 1802 παρεστάναι
1217 1723 1304 1805 τῷ
1350 1716 1471 1783 Διῒ
1517 1716 1626 1781 καὶ
1686 1715 2013 1803 διαφέρειν
2069 1713 2188 1792 τὰς
2246 1716 2541 1805 ἀγγελίας

454 1828 617 1907 παρ’
667 1820 867 1887 αὐτοῦ
916 1819 1052 1886 ἄνω
1098 1822 1204 1885 καὶ
1248 1818 1419 1886 κάτω
1450 1819 2073 1906 ἡμεροδρομοῦντα,
2125 1820 2230 1885 καὶ
2266 1822 2541 1886 ἐπανελ-

454 1922 675 1990 θόντα
723 1927 814 1989 ἔτι
841 1924 1260 2009 κεκονιμένον
1293 1926 1739 2010 παρατιθέναι
1767 1921 1895 2009 τὴν
1926 1923 2326 2010 ἀμβροσίαν·
2383 1924 2541 2011 πρὶν

457 2027 528 2093 δὲ
582 2026 704 2093 τὸν
758 2025 1085 2112 νεώνητον
1137 2033 1380 2094 τοῦτον
1424 2026 1726 2117 οἰνοχόον
1768 2028 1972 2112 ἥκειν,
2035 2028 2141 2094 καὶ
2183 2026 2262 2094 τὸ
2308 2028 2540 2113 νέκταρ

454 2129 576 2218 ἐγώ
620 2132 892 2219 ἐνέχεον.
955 2127 1032 2197 τὸ
1079 2131 1149 2196 δὲ
1193 2129 1461 2198 πάντων
1511 2128 1914 2210 δεινότατον,
1966 2132 2066 2197 ὅτι
2100 2131 2276 2217 μκηδὲ
2310 2130 2541 2206 νυκτὸς

453 2233 760 2301 καθεύδω
814 2238 862 2275 ⁴*
907 2231 1120 2320 μόνος
1162 2241 1294 2302 τῶν
1339 2234 1569 2313 ἄλλων,
1635 2234 1791 2301 ἀλλὰ
1838 2234 1938 2301 δεῖ
1976 2261 2065 2318 με
2108 2236 2215 2301 καὶ
2258 2233 2408 2302 τότε
2452 2242 2538 2322 τῷ
2575 2245 2678 2301 276

1406 2410 1606 2468 XXIV.

595 2513 715 2576 ‚Hie
750 2513 1007 2581 Dialogus
1054 2513 1269 2566 omnino
1314 2514 1567 2567 turbatus
1603 2514 1661 2566 in
1693 2512 1865 2567 MSS!
1899 2513 2290 2568 BourdelotiuS.
2361 2517 2419 2567 at
2453 2530 2539 2567 so-

455 2598 554 2652 lito
598 2598 821 2668 majores
868 2599 1056 2653 turbae
1099 2599 1157 2652 in
1202 2600 1334 2654 meis
1378 2599 1531 2654 codd.
1579 2600 1756 2654 nullae
1803 2603 1946 2654 sunt.
2018 2617 2336 2671 quanquam.
2363 2601 2421 2655 in
2461 2601 2538 2655 eis

456 2685 623 2749 codd„
659 2686 756 2753 qui
787 2688 913 2755 post
945 2685 1089 2739 hune
1109 2677 1346 2754 dialogos
1377 2686 1597 2740 deorum
1629 2686 1840 2752 finiunt,
1874 2686 2163 2742 festinante
2198 2688 2395 2742 calamo
2429 2705 2539 2741 ma-

450 2770 592 2839 jores
628 2772 854 2826 existere
886 2773 1078 2826 turbae
1110 2774 1415 2841 potuerunt.
1485 2776 1542 2828 et
1574 2773 1635 2826 in
1668 2774 1987 2838 universum,
2040 2773 2097 2827 id
2131 2775 2272 2844 quod
2307 2775 2540 2830 Cobetus

458 2857 519 2910 in
550 2857 727 2912 adnot.
765 2858 834 2911 ad
869 2875 942 2912 or.
980 2876 1031 2927 p.
1073 2860 1171 2913 122
1219 2860 1417 2928 optime
1451 2859 1730 2924 divinarat,
1775 2861 2007 2913 Deorum
2040 2860 2293 2929 Dialogos
2326 2861 2539 2929 gravius

460 2944 620 2997 etiam
652 2943 775 2997 aliis
810 2944 1035 2998 Luciani
1069 2944 1226 2999 libris
1268 2962 1365 3015 per
1397 2948 1482 3000 tot
1515 2947 1719 3000 scribas
1754 2945 1995 3000 adflictos
2013 3002 2026 3007 ,
2042 2962 2159 3000 esse
2191 2946 2297 2999 mei
2331 2945 2542 3000 codices

458 3046 598 3083 nune
633 3033 781 3084 certo
812 3030 1193 3085 demonstrant.

599 3120 645 3172 1.
715 3107 761 3168 ὦ
779 3117 955 3184 μῆτερ
976 3133 1061 3170 0111
1074 3119 1142 3168 Ω.
1272 3115 1428 3185 ἐμοῦ]
1448 3137 1557 3184 μου
1575 3119 1686 3173 ΩΕ.
1810 3118 2088 3185 τοιοῦτον]
2110 3117 2335 3170 τοιοῦτο
2361 3119 2421 3171 F.

457 3198 652 3270 μηδέν.
727 3206 905 3255 ΕΡΜ.
956 3206 1015 3254 τί
1055 3202 1131 3271 μὴ
1172 3201 1378 3260 ἓῐ-ΩΜΕ
1413 3208 1473 3258 et
1501 3223 1552 3279 v‚·¹
1604 3200 1748 3271 μηδὲ
1787 3203 1881 3272 (μὴ
1927 3201 1986 3258 δὲ
2021 3204 2092 3273 Α)
2142 3203 2202 3256 ἕν
2248 3225 2304 3256 τι
2338 3203 2418 3272 (τί
2448 3204 2537 3272 Α).

458 3293 636 3343 ΕΡΜ.
679 3288 925 3359 (persona
958 3291 1017 3343 in
1034 3288 1107 3359 A)
1141 3288 1218 3357 μὴ
1257 3289 1449 3344 BACA
1459 3290 1557 3344 Ψᾱ.
1630 3309 1737 3345 non
1771 3292 2001 3346 debebat
2022 3293 2230 3346 Bekker
2263 3293 2321 3343 τί
2353 3291 2542 3356 delere,

458 3376 599 3446 quod
633 3379 691 3430 et
723 3376 850 3430 libri
885 3392 1064 3429 omnes
1113 3379 1334 3430 tuentur
1378 3379 1434 3430 et
1466 3377 1615 3431 loeus
1662 3378 1906 3446 geminus
1950 3379 2009 3432 in
2052 3379 2118 3433 D.
2163 3379 2377 3433 Meretr.
2415 3378 2542 3442 XII,

458 3464 508 3518 4.
652 3461 837 3515 ἕωθεν
868 3462 989 3529 μὲν]
1027 3462 1129 3528 μὲν
1163 3479 1248 3517 0111
1281 3463 1392 3516 ΩΕ.
1516 3461 1945 3533 ιιε’ξριναστσὶνιτι]
1984 3461 2286 3525 ἐξαναστὰς
2321 3463 2389 3520 21.

460 3548 697 3616 σαίρειν]
738 3549 919 3616 αἴρειν
953 3551 1017 3603 Β.
1162 3548 1226 3601 τὸ
1267 3547 1577 3617 συμπόσιον
1612 3540 1719 3608 δεῖ]
1761 3545 1852 3602 δεῖ
1881 3550 1946 3603 τὸ
1989 3548 2299 3618 συμπόσιον
2317 3549 2539 3607 QIQMF.

598 3635 703 3702 τὴν
737 3626 952 3687 κλισίαν
985 3636 1251 3698 ΒΑΟΔΨ,
1307 3634 1412 3702 τὴν
1449 3632 1741 3707 ἐκᾳλησίαν
1773 3637 1927 3690 ΩΜῈ
1965 3641 2021 3692 et
2053 3656 2100 3702 v,
2145 3637 2245 3693 τὰς
2277 3634 2460 3694 κλίνας
2495 3635 2545 3694 ἓῐ

356 3772 365 3781 ,
458 3723 621 3776 solus,
766 3720 1134 3775 εὐθετίσαντά
1171 3721 1376 3775 ἕκαστα
1410 3723 1577 3785 ΒΟΨ,
1620 3720 2005 3790 εὐθετήσαντα
2042 3722 2246 3779 ἕκαστα
2270 3727 2335 3784 Δ,
2379 3721 2543 3776 εὐθε-

458 3804 688 3861 τίσαντά
732 3827 794 3861 τε
843 3807 1046 3861 ἕκαστα
1082 3807 1200 3870 Αὲῑ,
1256 3806 1375 3861 εἶτα
1423 3806 1808 3876 eastervinum
1858 3808 2063 3862 ἕκαστα
2097 3810 2272 3878 1711180,
2327 3807 2445 3862 εἶτα
2484 3800 2545 3862 εὖ

460 3893 689 3963 (lacuna)
737 3894 809 3947 τὰ
845 3894 1052 3947 ἕκαστα
1087 3896 1155 3956 Ω,
1208 3886 1288 3955 εὖ,
1343 3893 1463 3947 εἶτα
1513 3895 1708 3961 ἔχοντα
1746 3894 1950 3948 ἕκαστα
1984 3897 2046 3950 F.
2118 3897 2177 3949 in
2209 3897 2381 3966 prima
2414 3895 2543 3951 edit.

458 3982 565 4035 isto
601 3979 722 4034 εἶτα
756 3983 894 4036 bene
928 3981 1125 4051 rejecto
1161 3981 1401 4036 voculam
1432 4001 1494 4035 τε
1529 3982 1849 4047 addideram,
1884 3999 1988 4051 qua
2006 3982 2093 4036 vix
2128 3999 2259 4053 opus
2294 3986 2393 4037 est.

463 4062 774 4136 διαφέρειν]
813 4065 1116 4135 διαφορεῖν
1150 4064 1218 4125 21.
1374 4066 1505 4137 παρ’
1547 4067 1718 4120 αὐτοῦ’
1752 4066 2011 4133 ΒΑΔὲΙΨ,
2059 4067 2158 4125 τὰς
2200 4067 2330 4137 παρ’
2375 4067 2543 4121 αὐτοῦ

457 4155 612 4209 &MP
647 4158 705 4208 et
737 4173 785 4208 v,
861 4153 948 4222 (de
985 4154 1028 4209 C
1061 4171 1169 4208 non
1204 4156 1454 4222 constat).
1613 4153 1714 4221 ἔτι]
1751 4149 1861 4221 ἤδη
1899 4155 1997 4208 ΩΕ
2046 4158 2102 4208 et
2133 4173 2199 4225 pr
2230 4173 2285 4209 m
2318 4157 2392 4210 M.

462 4243 846 4308 κεκονιαμένος
878 4239 1107 4295 fortasse
1141 4241 1192 4299 Y
1228 4241 1389 4296 solue.
1461 4241 1580 4296 vide
1616 4240 1877 4296 Cobetum
1910 4242 1974 4295 V.
1993 4241 2057 4296 L.
2075 4258 2126 4311 p.
2151 4244 2268 4298 130.
2408 4238 2544 4293 νεώ-

462 4326 644 4395 νητον]
683 4325 985 4394 νεόκτητον
1019 4325 1086 4384 21.
1248 4326 1448 4379 τοῦτον
1491 4344 1578 4381 0111
1609 4329 1676 4380 Ω.
1840 4326 1916 4394 τῷ
1967 4323 2327 4396 δικαστηρίῳ]
2378 4325 2435 4378 ἐν
2468 4320 2544 4391 τῷ
2635 4334 2644 4343 “
