3099 5241
549 394 700 467 164
1357 421 1817 474 ΛοτκιΑΝοτ

544 591 701 660 ἀλλά
761 598 923 673 πῶς,
997 588 1045 658 ὦ
1100 592 1384 672 Πλοῦτε,
1457 594 1518 658 εἰ
1565 588 1663 677 μὴ
1720 591 1947 677 τυφλοὶ
2000 592 2108 658 καὶ
2153 590 2339 658 αὐτοὶ
2382 590 2626 669 πάντες

545 697 748 778 εἰσίνς
813 697 1184 765 ΠΛΟΥΤ.
1265 695 1340 763 οὗ
1401 696 1655 781 τυφλοὶ,
1720 691 1768 760 ὦ
1813 694 2054 781 ἄριστε,
2120 694 2256 761 ἀλλ’
2301 694 2344 780 ἡ
2393 694 2623 785 ἄγνοια

543 803 650 867 καὶ
703 800 746 885 ἡ
805 797 1054 886 ἀπάτη,
1116 805 1309 886 αἴπερ
1353 806 1479 866 νῦν
1520 799 1856 887 κατέχουσι
1898 795 1980 864 τά
2025 796 2269 878 πάντα,
2333 797 2628 866 ἐπισκιά-

545 908 767 985 ζουσιν
826 902 1090 979 αὐτούς·
1162 902 1256 970 ἔτι
1315 902 1386 970 δὲ
1439 903 1546 969 καὶ
1608 900 1827 981 αὐτὸς,
1900 900 1985 975 ὦς
2037 900 2135 987 μὴ
2198 900 2627 970 παντάπασιν

546 1008 850 1094 ἄμορφος
886 1010 1051 1092 εἴην,
1101 1004 1522 1093 προσωπεῖόν
1558 1031 1620 1072 τι
1649 1003 2139 1091 ἐρασμιώτατον
2164 1009 2623 1093 περιθέμενος,

548 1110 898 1201 διάχρυσον
956 1111 1063 1178 καὶ
1121 1109 1612 1195 λιθοκόλλητον,
1682 1110 1791 1176 καὶ
1844 1110 2104 1178 ποικίλα
2160 1109 2347 1186 ἐνδύς
2406 1117 2629 1200 ἐντυγ-

546 1215 720 1305 χάνω
789 1214 1037 1291 αὐτοῖς·
1110 1219 1174 1282 οἶ
1229 1213 1309 1281 δὲ
1378 1211 1907 1298 αὐτοπρόσωπον
1974 1212 2272 1298 οἰόμενοι
2330 1213 2494 1301 ὁρᾶν
2550 1215 2628 1283 τό

546 1318 775 1395 κάλλος
821 1325 1009 1406 ἐρῶσι
1053 1319 1160 1385 καὶ
1205 1315 1602 1385 ἀπόλλυνται
1642 1315 1742 1404 μή
1787 1315 2237 1406 τυγχάνοντες.
2333 1317 2416 1393 ὡς
2461 1321 2525 1385 εἴ
2557 1320 2632 1408 γε’

547 1450 644 1500 τις
711 1423 934 1499 αὐτοῖς
1001 1424 1156 1490 ὅλον
1223 1420 1720 1511 ἀπογυμνώσας
1777 1420 2053 1498 ἐπέδειξέ
2103 1447 2215 1508 με,
2289 1421 2487 1507 δῆλον
2547 1421 2631 1499 ὥς

414 1538 512 1595 141
549 1528 1058 1617 κατεγίγνωσκον
1096 1525 1182 1593 ἀν
1223 1525 1460 1606 αὑτῶν,
1512 1522 2043 1613 ἀμβλυώττοντες
2087 1529 2129 1569 ⁴*
2171 1529 2253 1593 τά
2282 1528 2631 1611 τηλικαῦτα

547 1634 656 1700 καὶ
722 1638 987 1719 ἐρῶντες
1045 1627 1416 1716 ἀνεράστων
1469 1632 1577 1697 καὶ
1633 1626 1949 1716 ἀμόρφων
2004 1628 2435 1718 πραγμάτων.
2530 1633 2630 1699 28.

548 1726 777 1805 ΕΡΜ.
847 1736 913 1802 τί
965 1729 1087 1802 οὗν
1147 1736 1247 1803 ὅτι
1301 1735 1408 1801 καὶ
1453 1739 1524 1800 ἐν
1570 1732 1742 1822 αὐτῷ
1785 1732 1914 1818 ἤδη
1960 1739 2047 1819 τῷ
2092 1734 2400 1801 πλουτεῖν
2442 1730 2633 1823 γενό-

551 1930 669 1985 dot.
708 1925 1145 1999 ἐπηλυγάζουσιν
1182 1924 1384 1984 αῧτοῗσ.
1461 1927 1620 1995 longe
1654 1926 2115 1982 aliamvimhabet
2133 1923 2477 1989 ἐπισκιάζειν
2507 1925 2634 1980 τινά

550 2017 610 2071 in
642 2017 710 2072 V.
746 2015 891 2070 Hist.
925 2015 1000 2080 H,
1037 2016 1105 2071 14
1140 2017 1197 2070 ot
1229 2015 1310 2069 Do
1344 2014 1487 2068 Hist.
1527 2014 1743 2069 Consor.
1785 2015 1867 2069 11.
1940 2016 1999 2068 at
2030 2014 2122 2068 hio
2155 2014 2291 2069 illud
2324 2032 2441 2069 osso
2477 2015 2637 2070 debet

553 2102 815 2169 ‚tenebras
853 2100 1172 2166 obfundere‘,
1222 2099 1363 2171 quod
1401 2097 1716 2153 ἐπισκοτεῒν
1750 2118 1861 2154 τινι
1898 2101 2057 2171 vulgo
2095 2100 2309 2167 dieitur,
2355 2104 2419 2155 ut
2451 2101 2510 2155 in
2546 2117 2634 2155 oo-

553 2178 808 2243 mioorum
850 2187 1092 2242 versibus
1128 2186 1315 2241 Indioo
1350 2186 1538 2242 Jacobi
1571 2204 1623 2256 p.
1662 2189 1767 2243 393
1803 2190 1859 2241 et
1890 2187 2149 2257 Polyasni
2193 2188 2323 2242 locis
2364 2204 2449 2257 ap.
2485 2186 2636 2241 Pier-

555 2292 744 2330 sonum
775 2275 844 2329 ad
876 2275 1040 2329 Most.
1077 2291 1130 2343 p.
1171 2276 1288 2329 162.
1360 2275 1598 2327 osterum
1632 2274 1795 2329 otiam
1843 2272 2155 2328 ἐπισκοτεῖν
2194 2293 2250 2326 τι
2285 2273 2486 2328 dictum
2520 2290 2637 2328 osso
2749 2306 2764 2319 ·

556 2360 807 2417 Sohasfer
852 2361 921 2415 ad
965 2360 1121 2415 Dion.
1172 2361 1253 2414 Ds
1289 2360 1348 2414 C.
1386 2359 1547 2413 Verb.
1596 2377 1648 2429 p.
1689 2362 1791 2417 148
1828 2360 2077 2416 ostendit.
2150 2360 2279 2415 hino
2323 2360 2382 2414 in
2418 2361 2639 2417 Timone

557 2446 756 2504 αὐτούς
788 2447 919 2502 lieet
952 2463 1216 2501 excusare.
1357 2443 1721 2517 προσωπεῖόν
1764 2465 1821 2499 τι
1870 2444 2291 2514 ἐρασμιώτατον
2329 2448 2635 2515 περιθέμε-

555 2553 649 2591 νος
692 2533 1074 2595 ΑΟΨΩΩςΡΒ,
1129 2536 1491 2603 προσωπεῖον
1541 2534 1918 2601 περιθέμενος
1972 2532 2393 2601 ἐρασμιώτατον
2437 2551 2485 2588 v.

555 2618 805 2692 ποικίλα]
841 2616 1130 2674 ποικίλλον
1167 2623 1231 2683 0,
1279 2616 1540 2687 ποικίλην
1575 2620 1641 2675 R.
1796 2619 1925 2674 libr'i
1958 2637 2136 2676 omnes
2172 2619 2249 2688 μὴ
2291 2617 2638 2690 ἐντυγχάνον-

555 2728 662 2771 τες,
712 2724 808 2779 pro
843 2725 947 2778 quo
981 2706 1057 2775 μὴ
1095 2704 1452 2777 τυγχάνοντες
1485 2707 1689 2761 dudum
1723 2710 2063 2762 correxerunt
2106 2707 2264 2762 amici
2298 2707 2528 2778 quidam,
2579 2710 2642 2761 ut

559 2798 692 2865 puta
724 2795 788 2849 E.
825 2794 1156 2848 Burmeistsr
1201 2797 1325 2849 ants
1360 2793 1622 2849 Cobetum
1654 2795 1722 2850 V.
1759 2795 1821 2849 L.
1858 2811 1911 2864 p.
1947 2796 2065 2849 223.
2135 2798 2342 2863 pugnat
2381 2794 2523 2848 onim
2557 2811 2640 2849 so-

560 2897 682 2937 cum
715 2879 846 2934 haec
881 2880 1077 2937 oratio:
1115 2876 1414 2950 ἐντυγχάνω
1455 2878 1659 2942 αὗτοῖς,
1714 2876 1776 2933 οἱ
1806 2875 1867 2932 δὲ
1905 2872 2241 2933 ἀπόλλυνται
2274 2880 2349 2948 μὴ
2391 2878 2640 2950 ἐντυγχά-

559 2985 762 3024 νοντες.
839 2966 904 3021 ob
941 2966 1078 3021 fflud
1110 2966 1289 3036 ipsum
1324 2964 1623 3037 ἐντυγχάνω
1660 2967 1750 3021 hio
1786 2966 2041 3021 concinno
2075 2967 2290 3023 iteravit
2334 2967 2407 3035 μὴ
2447 2966 2640 3037 τυγχά-

558 3072 747 3111 νοντες
793 3051 850 3121 (i.
888 3070 933 3107 ο.
987 3050 1493 3123 ἀποτυγχάνοντες),
1543 3053 1746 3122 alioqui
1791 3053 2090 3124 scripturus
2133 3053 2210 3121 μὴ
2258 3052 2525 3122 τυχόντες,
2581 3059 2643 3109 ut

560 3157 722 3210 supra
748 3138 1073 3206 exstatss26.
1213 3138 1667 3209 κατεγίγνωσκον]
1705 3137 2118 3209 καταγινώσκον
2136 3138 2204 3203 A,
2243 3143 2645 3211 κατεγίνωσκον

561 3227 772 3282 caeteri,
927 3223 1113 3278 αὑτῶν
1146 3225 1389 3292 Solanus,
1427 3223 1611 3278 αὐτῶν
1645 3226 1744 3282 ΑΟ
1781 3229 1838 3281 et
1870 3245 1917 3281 v.
2068 3225 2138 3280 τὰ
2174 3223 2319 3296 mk]
2357 3227 2647 3283 scholiasta

560 3331 669 3368 non
701 3314 906 3382 legerat
937 3311 1194 3366 incodioo
1211 3328 1336 3366 suot
1372 3310 1427 3369 ἐς
1457 3313 1529 3365 τὰ
1566 3309 1888 3378 τηλικαῢτα,
1929 3313 2023 3368 ssd
2049 3316 2193 3368 r‘octo
2209 3313 2470 3383 judicavit
2496 3317 2644 3368 utro-

564 3417 666 3470 que
701 3400 842 3454 idom
875 3398 1132 3453 denotari.
1203 3398 1284 3453 ita
1314 3399 1524 3453 variant
1569 3400 1817 3455 adverbia
1859 3399 2130 3453 τοσοῦτον
2174 3403 2231 3454 et
2266 3398 2319 3457 ἐς
2352 3400 2639 3453 τοσοῦτον.

561 3487 733 3555 magis
768 3485 932 3539 attice
966 3484 1272 3555 scripsisset
1286 3485 1556 3541 Luoianus
1575 3483 1919 3554 τηλικοῦτον,
1958 3487 2043 3541 uti
2060 3487 2340 3542 Philemon
2363 3504 2447 3557 ap.
2470 3487 2645 3542 Aelia-

562 3589 691 3628 num
723 3571 868 3626 Hist.
905 3569 1008 3625 An.
1045 3570 1172 3636 XII,
1211 3571 1305 3629 10:
1340 3572 1572 3642 κέκραγε
1605 3569 1951 3640 τηλικοῦτον.
2026 3576 2085 3627 at
2119 3573 2353 3628 Cobetus
2386 3575 2453 3628 V.
2490 3574 2552 3628 L.
2589 3590 2642 3643 p.

563 3661 657 3717 82:
711 3653 1184 3726 ,ἀμβλυώττοντες
1216 3655 1287 3710 τὰ
1321 3654 1625 3724 τηλικαῦτα
1673 3675 1922 3728 graecum
1954 3661 2074 3725 erit,
2119 3661 2167 3714 si
2210 3659 2355 3730 πρὸς
2385 3659 2456 3712 τὰ
2491 3656 2645 3726 τηλι-

563 3744 741 3797 καῦτα
776 3761 1017 3816 ΥθΡοΠΘΒ,
1050 3746 1115 3798 ut
1151 3746 1233 3810 12,
1273 3747 1300 3801 l
1340 3741 1678 3814 ἀμβλυώττω
1718 3745 1863 3814 πρὸς
1894 3745 1960 3799 τὸ
2001 3745 2158 3814 (μαῖς’.
2232 3748 2291 3800 at
2322 3746 2461 3800 nihil
2494 3762 2646 3815 gme-

567 3849 689 3885 enm
723 3832 841 3897 orit,
877 3847 980 3902 quo
999 3831 1168 3886 omnis
1187 3832 1455 3886 sententia
1469 3834 1815 3902 pervertetur.
1956 3834 2117 3888 verba
2134 3830 2368 3904 ἐρῶντες
2382 3861 2450 3871 —-
2467 3851 2645 3902 πραγ-

569 3917 759 3985 μάτων
793 3934 857 3973 ox
892 3918 1111 3972 Timone
1144 3918 1318 3973 adfert
1352 3918 1580 3974 Thomas
1614 3937 1667 3989 p.
1703 3922 1791 3976 42.

707 4008 790 4062 28.
860 4006 919 4057 τί
953 3995 1052 4057 οὖν
1087 4002 1175 4058 ὅτι
1209 4011 1303 4058 καὶ
1338 4003 1454 4073 (καὶ
1488 4021 1576 4058 om
1610 4003 1697 4073 ed)
1747 4003 1807 4058 ἐν
1847 4004 2339 4064 ΑΟΨΩΩῃΡΒῩΟᾱ
2384 4007 2441 4059 et
2486 4004 2647 4060 codex

569 4093 745 4156 Fabri,
778 4093 836 4144 τί
869 4081 968 4144 οὖν
1001 4098 1095 4144 καὶ
1131 4090 1191 4144 ἐν
1222 4093 1289 4146 ab
1327 4094 1384 4146 et
1415 4091 1697 4161 plerasque
1732 4092 1849 4149 odd.
1874 4095 1998 4147 ants
2015 4091 2496 4148 Homstsrhusium.
2552 4092 2647 4145 ob-

571 4195 721 4231 serva
766 4177 1050 4234 dictionem
1100 4179 1366 4233 concisam
1416 4194 1513 4246 pro
1563 4177 1781 4246 vulgari,
1826 4180 1886 4231 τί
1929 4169 2030 4232 οὖν
2078 4177 2231 4232 ἐστιν
2268 4176 2356 4231 ὅτι
2390 4196 2489 4246 -;
2546 4193 2651 4247 qua

571 4267 800 4319 utuntur
834 4267 892 4320 ot
923 4265 1101 4334 graeci
1134 4263 1217 4333 (ut
1249 4265 1525 4335 Aristoph.
1565 4265 1883 4334 Thesmoph.
1921 4283 1969 4320 v.
2002 4264 2127 4333 202)
2163 4268 2220 4321 ot
2252 4265 2407 4319 latini
2440 4265 2499 4318 in
2531 4280 2648 4319 ver-

571 4353 655 4405 bis
693 4351 838 4424 ,quid
884 4354 969 4407 est
1000 4351 1141 4421 quod
1172 4351 1299 4407 —-?⁴
1347 4350 1452 4420 (uti
1485 4350 1711 4406 Plautus
1745 4350 2014 4407 Pseudulo
2051 4370 2100 4407 v.
2138 4350 2212 4420 9).
2356 4348 2515 4404 αὐτοὶ
2551 4350 2649 4406 So·
