3099 5241
525 353 667 424 126
1346 382 1775 434 AOYKIANOY

383 566 480 621 189
518 550 831 640 ἀκρόασιν
876 556 917 595 ⁴*
962 550 1499 642 καταχρήσασθαι
1545 551 1947 639 σοφιστικήν,
2011 551 2148 628 οἷος
2193 552 2254 618 εἶ
2294 551 2367 619 σύ
2416 578 2592 620 παν-

519 655 912 746 οῦργότατος
959 663 1024 722 ἐν
1069 670 1207 731 τοῖς
1251 654 1485 745 λόγοις.
1584 659 1644 725 5.
1705 657 2013 725 HPOM.
2080 656 2398 743 πρότερος
2443 654 2586 738 οὖν,

518 757 565 827 ὦ
598 759 838 847 Ἑρμῆ,
888 762 1028 851 λέγε
1071 762 1176 828 καὶ
1224 763 1399 836 ὅπως
1443 785 1584 847 μου
1628 759 1710 836 ὡς
1758 758 2102 828 δεινότατα
2131 760 2593 849 κατηγορήσεις

513 865 688 950 μηδὲ
744 863 1106 955 καθυφήσῃ
1160 890 1224 931 τι
1280 871 1411 931 τῶν
1455 865 1720 931 δικαίων
1762 871 1878 931 τοῦ
1927 864 2236 952 πατρός.
2269 870 2338 932 σὲ
2385 865 2477 944 δὲ,
2544 863 2592 932 ὦ

500 970 846 1055 ’Ήφαιστε,
935 966 1244 1053 δικαστήν
1310 975 1637 1054 ποιοῦμαι
1704 967 1920 1057 ἔγωγε.
2037 970 2202 1035 ΗΦ.
2288 969 2386 1055 μά
2455 969 2586 1049 Δί’,

518 1069 673 1138 ἀλλά
719 1069 1082 1157 κατήγορον
1131 1071 1276 1138 ἀντὶ
1323 1071 1627 1137 δικαστοῦ
1680 1074 1821 1138 ἴσθι
1863 1098 1952 1157 με
1997 1076 2173 1151 ἑξων,
2225 1073 2296 1147 ὃς
2337 1071 2413 1138 τὸ
2459 1079 2591 1160 πῦρ

517 1173 919 1262 ὑφελόμενος
1004 1173 1257 1264 ψυχράν
1343 1200 1466 1260 μοι
1553 1174 1679 1258 τῆν
1765 1172 2044 1260 κάμινον
2128 1175 2585 1252 ἀπολέλοιπας.

516 1279 825 1347 ΠΡΟΜ.
900 1278 1143 1345 οὐκοῦν
1211 1277 1574 1364 διελόμενοι
1639 1276 1760 1363 τῆν
1829 1280 2245 1367 κατηγορίαν,
2321 1277 2401 1346 σῦ
2465 1283 2594 1365 μὲν

516 1384 666 1469 περὶ
708 1390 825 1468 τῆς
867 1385 1115 1468 κλοπῆς
1156 1382 1285 1469 ἤδη
1337 1381 1609 1468 σύνειρε,
1676 1381 1711 1447 5
1746 1381 1999 1469 Ἐρμῆς
2045 1384 2115 1449 δὲ
2157 1382 2277 1467 τῆν
2323 1407 2594 1468 κρεανο-

516 1487 681 1573 μίαν
758 1489 862 1554 καὶ
941 1485 1067 1573 τῆν
1134 1488 1693 1573 ἀνθρωποποιίαν
1759 1486 2139 1554 αἰτιάσεται·
2257 1488 2455 1575 ἄμφω
2524 1488 2594 1553 δὲ

517 1605 793 1681 τεχνῖται
837 1593 940 1658 καί
989 1596 1191 1658 εἰπεῖν
1239 1591 1440 1658 δεινοὶ
1487 1591 1735 1657 ἐοίκατε
1781 1590 1967 1658 εἶναι.
2042 1593 2207 1658 ΗΦ.
2273 1590 2307 1658 5
2342 1591 2594 1678 ςΕρμῆς

518 1696 624 1761 καὶ
667 1693 831 1781 ὑπὲρ
880 1700 1049 1780 ἐμοῦ
1094 1700 1243 1780 ἐρεῖ·
1294 1692 1413 1783 ἐγὼ
1456 1692 1581 1782 γάρ
1630 1693 1709 1760 οὐ
1746 1694 1913 1780 πρὸς
1941 1693 2154 1784 λόγοις
2183 1708 2319 1776 τοῖς
2350 1695 2594 1761 δικανι-

515 1813 650 1874 κοῖς
711 1804 867 1885 εἰμι,
942 1798 1078 1864 ἀλλ’
1138 1796 1309 1885 ἀμφὶ
1351 1798 1478 1883 τῆν
1521 1795 1808 1884 κάμινον
1851 1798 1967 1889 ἔχω
2013 1798 2094 1866 τά
2140 1798 2373 1866 πολλά·
2439 1798 2474 1866 5
2524 1799 2595 1866 δὲ

519 1902 732 1988 ῥήτωρ
778 1903 848 1968 τέ
895 1908 1028 1970 ἐστι
1071 1903 1178 1967 καὶ
1221 1909 1353 1968 τῶν
1394 1900 1712 1969 τοιούτων
1757 1903 1838 1969 οὐ
1873 1905 2205 1993 παρέργως
2230 1906 2596 1990 μεμέληκεν

380 2020 483 2076 190
521 2006 715 2094 αὐτῷ.
810 2006 1117 2073 ΠΡΟΜ.
1181 2004 1302 2094 ἐγὼ
1345 2009 1475 2092 μὲν
1521 2006 1639 2072 οὐκ
1682 2007 1727 2049 ÷÷
1775 2005 1860 2073 ἀν
1905 2006 2091 2095 ᾤμην
2137 2008 2243 2072 καὶ
2287 2007 2437 2093 περὶ
2479 2015 2596 2093 τῆς

517 2112 763 2194 κλοπῆς
821 2107 942 2176 τὸν
973 2108 1229 2195 Ἑρμῆν
1291 2114 1604 2195 ἐθελῆσαι
1665 2109 1749 2177 ἀν
1794 2115 2022 2189 εἰπεῖν,
2097 2110 2251 2177 οὐδὲ
2296 2108 2594 2176 ὀνειδιεῖν

516 2238 638 2300 μοι
678 2210 755 2279 τὸ
797 2219 1099 2280 τοιοῦτον
1146 2212 1472 2302 ὁμοτέχνῳ
1519 2212 1679 2280 ὄντι.
1764 2212 1939 2299 πλην
1984 2213 2120 2280 ἀλλ’
2152 2218 2211 2280 εἰ
2233 2215 2340 2279 καὶ
2367 2220 2587 2292 τοῦτο,

521 2313 567 2383 ὦ
630 2316 857 2392 Μαίας
922 2330 1068 2396 παῖ,
1140 2315 1515 2403 ὑφίστασαι,
1589 2316 1810 2404 καιρὸς
1873 2316 2004 2403 ῆδη
2072 2318 2407 2405 περαίνειν
2470 2316 2591 2402 τῆν

518 2419 934 2509 κατηγορίαν.
1030 2424 1089 2489 6.
1152 2422 1380 2489 ΕΡΜ.
1445 2418 1628 2488 πάνυ
1669 2428 1855 2509 γοῦν,
1908 2417 1955 2487 ὦ
1999 2421 2409 2508 Προμηθεῦ,
2457 2445 2596 2507 μα-

523 2629 797 2699 φιστικὴν,
841 2627 957 2687 οἷος
994 2628 1049 2683 εἷ
1085 2628 1165 2699 σύ]
1217 2648 1279 2684 ex
1312 2630 1507 2685 Aesch.
1544 2631 1876 2696 Prometh00‚
1923 2634 1986 2685 ut
2019 2631 2457 2686 Hemsterhusius
2504 2631 2594 2684 de-

518 2718 846 2772 monstravit.

658 2805 708 2859 5.
780 2801 1179 2874 κατηγορήσεις
1211 2804 1433 2858 Bekker.
1470 2803 1600 2857 libri
1633 2801 2032 2877 κατηγορήσῃς.
2176 2801 2506 2871 καθυφήσηι
2533 2804 2595 2869 Β,

520 2890 781 2967 καθυφῇς
814 2886 969 2948 ΞῐΦΩ
1005 2892 1061 2945 et
1092 2908 1140 2944 v,
1296 2887 1627 2960 κατήγορον]
1676 2888 1986 2960 κατήγορόν
2021 2910 2091 2958 με
2127 2892 2189 2955 Β,
2241 2892 2299 2944 at
2332 2910 2401 2959 με
2436 2891 2496 2944 in
2527 2890 2595 2943 li-

518 2981 653 3032 tura.
798 2975 827 3029 5
857 2976 1062 3046 Ἑρμῆς
1110 2971 1170 3029 δὲ
1205 2977 1252 3031 Β
1288 2979 1343 3031 et
1376 2996 1423 3042 v,
1478 2976 1651 3044 ἑρμῆς
1687 2973 1746 3029 δὲ
1786 2974 1956 3033 atem.
2115 2973 2176 3029 δὲ
2219 2975 2323 3044 τὴν
2356 2996 2595 3046 κρεωνο·

518 3067 653 3134 μίαν
688 3062 807 3133 (sio)
846 3070 938 3115 καὶ
972 3063 1074 3131 τὴν
1113 3059 1559 3134 ἀνθρωποποΐαν
1590 3058 1900 3115 αἰτιάσεται
1915 3064 1978 3129 Β,
2016 3060 2077 3116 δὲ
2113 3070 2206 3115 καὶ
2241 3064 2344 3130 τὴν
2370 3061 2593 3132 ἀνθρω-

518 3153 789 3204 ποποιίαν
824 3157 916 3201 καὶ
949 3148 1052 3215 τὴν
1087 3152 1428 3219 κρεανομίαν
1465 3145 1777 3203 αἰτιάσεται
1796 3148 1951 3207 214>ss
1967 3153 2024 3203 et
2039 3169 2085 3205 v.
2157 3151 2373 3219 vulgata
2392 3153 2597 3220 pugnat

521 3254 641 3292 cum
676 3254 736 3292 eo
782 3254 960 3291 rerum
994 3236 1209 3302 ordines
1241 3237 1335 3306 qui
1380 3235 1521 3290 infra
1555 3237 1587 3304 ἓ
1624 3239 1655 3292 7
1694 3239 1749 3290 et
1783 3237 1814 3303 ἓ
1854 3239 1919 3293 10
1961 3239 2198 3291 servatus
2236 3239 2334 3291 est.
2475 3256 2593 3303 τεχ-

519 3329 666 3377 νίται
699 3324 814 3378 abc.
977 3319 1085 3374 ἀλλ’
1130 3320 1296 3392 ἀμφὶ]
1348 3319 1484 3375 ἀλλὰ
1537 3321 1684 3390 ἀμφὶ
1721 3320 1786 3379 ἓῑ.
1943 3322 2015 3375 τὰ
2054 3320 2231 3375 πολλὰ
2267 3321 2440 3385 ΒἩΦ,
2496 3342 2595 3375 τα-

519 3407 696 3463 πολλὰ
734 3429 781 3464 v.
925 3407 1113 3478 ῥήτωρ
1151 3411 1211 3460 τέ
1249 3407 1364 3462 ἐστι
1396 3410 1459 3475 Β,
1496 3407 1685 3479 ῥήτωρ
1726 3408 1840 3462 ἐστὶ
1875 3407 2030 3466 ἓῑΦΩ
2065 3413 2122 3464 et
2143 3428 2192 3464 v.
2333 3408 2445 3462 τῶν
2477 3428 2594 3462 τοι-

523 3496 700 3551 ούτων
737 3494 800 3548 οὗ
838 3498 1127 3566 παρέργως
1163 3493 1469 3564 μεμέληκεν
1510 3495 1656 3564 αὐτῷ
1691 3498 1754 3562 Β,
1805 3495 1918 3549 τῶν
1952 3494 2223 3548 τοιούτων
2271 3494 2335 3548 οὐ
2383 3499 2594 3565 παρέρ-

518 3639 624 3691 γως
658 3614 965 3686 μεμέληται
1000 3613 1170 3669 αὗτῶ·
1207 3615 1246 3684 ἢ
1278 3614 1588 3685 μεμέληκεν
1619 3620 1685 3683 V,
1730 3602 1976 3686 μεμεληκ
2010 3617 2123 3669 τῶν
2144 3615 2416 3670 τοιούτων
2444 3619 2595 3670 nota-

521 3709 610 3760 tur
645 3722 707 3760 ox
741 3706 806 3771 U,
856 3704 950 3775 qui
983 3719 1105 3758 cum
1137 3704 1184 3758 B
1219 3705 1516 3758 consentire
1554 3705 1778 3770 videtur,
1825 3702 1938 3757 τῶν
1970 3702 2244 3758 τοιούτων
2281 3701 2344 3756 οὗ
2382 3705 2594 3772 παρέρ-

520 3812 626 3862 γως
658 3788 1028 3860 μεμελέτηται
1064 3788 1209 3857 αὐτῷ
1247 3789 1420 3853 ἓῑΦΩ,
1476 3791 1591 3844 τῶν
1621 3790 1893 3845 τοιούτων
1930 3790 1993 3845 ού
2029 3794 2322 3862 παρέργως
2356 3787 2595 3859 μεμέλη-

519 3898 615 3930 ται
653 3874 979 3946 (μεμέλητας
1012 3876 1063 3945 o)
1103 3874 1249 3944 αὐτῷ’
1288 3878 1370 3944 od,
1413 3878 1483 3931 τὰ
1519 3877 1754 3932 τοιαῦτα
1804 3878 1868 3931 οὗ
1903 3881 2194 3949 παρέργως
2227 3874 2598 3946 μεμελέτηται

525 3962 670 4030 αὐτῷ
705 3982 753 4030 v,
790 3964 1015 4034 denique
1047 3963 1160 4016 τῶν
1192 3963 1463 4018 τοιούτων
1501 3963 1565 4017 ού
1601 3968 1892 4035 παρέργως
1926 3962 2225 4033 μεμέλεται
2261 3963 2405 4031 αὐτῷ
2436 3964 2598 4019 codex

524 4052 582 4106 Τ.
727 4048 825 4102 οὐκ
862 4049 929 4102 ἂν
964 4048 1119 4119 ᾤμην
1151 4051 1213 4117 Β,
1252 4049 1351 4103 οὐκ
1388 4049 1457 4104 ἅν
1474 4071 1629 4105 ποτε
1668 4049 1822 4120 ᾤμην
1857 4050 2012 4109 ἓῐΦΩ
2048 4055 2103 4106 et
2118 4071 2166 4107 v.
2307 4051 2371 4104 τὸ
2409 4050 2596 4103 τοιοῦ-

522 4156 620 4190 τον
653 4138 716 4203 Β,
751 4136 813 4189 τὸ
852 4136 1077 4189 τοιοῦτο
1117 4136 1221 4195 2ῖῲ
1257 4141 1314 4192 et
1344 4156 1391 4192 v.
1532 4135 1644 4190 ἀλλ’
1686 4134 1740 4191 εἰ
1770 4136 1925 4195 ἩΦΩ
1960 4142 2015 4193 et
2047 4157 2095 4204 v,
2134 4135 2272 4192 ἀλλὰ
2308 4134 2362 4191 εἰ
2390 4138 2454 4192 Β.

524 4224 815 4278 καὶτοῦτο
861 4222 1032 4286 ΒΞΙΦ,
1089 4231 1184 4277 καὶ
1226 4224 1450 4277 τοιοῦτο
1495 4227 1562 4293 Ω,
1611 4232 1703 4277 καὶ
1745 4226 2005 4279 τοιοῦτον
2038 4244 2086 4280 v.
2245 4224 2440 4296 καιρὸς
2483 4220 2591 4292 ἤδη

523 4310 833 4381 περαίνειν]
868 4313 1157 4379 περαίνειν
1191 4306 1299 4378 ἤδη
1338 4310 1533 4381 καιρὸς
1571 4315 1638 4364 Φ.
