3099 5241
1070 318 1085 323 ’
1181 367 1283 423 An
1317 366 1717 425 noemam.
2234 370 2501 428 mvn

423 540 533 624 qui
578 539 893 607 rhetorice
935 541 1311 608 laudarem
1424 560 1630 625 neque
1676 544 1887 609 solum
1947 541 2222 628 μελέτας
2263 545 2342 610 de
2388 545 2498 611 Ti-

419 663 611 711 mone
664 646 995 712 Lucianus
1039 646 1310 730 legerat,
1368 646 1479 712 sed
1538 646 1736 713 etiam
1790 643 2157 729 ἧθοποιΐας
2214 649 2500 733 ejusdem

422 750 793 834 argumenti
835 750 1207 828 rhetoricae,
1267 767 1426 832 quas
1485 750 1745 833 quidem
1787 750 2024 818 ibidem
2068 751 2171 818 bis
2211 753 2348 836 ipse
2393 771 2501 818 ex·-

418 853 679 937 pressit.
771 853 847 918 de
892 849 1261 936 ἦθοποιΐας
1305 857 1441 919 arte
1486 855 1770 938 artisque
1791 857 2147 940 praeceptis
2170 857 2314 923 vide
2334 857 2501 923 Her-

419 975 765 1042 mogenem
817 958 886 1023 in
943 958 1131 1023 Rhet.
1194 956 1301 1023 Gr.
1363 959 1396 1022 I
1456 977 1516 1040 p.
1562 959 1652 1024 44
1694 978 1789 1043 sq.
1836 963 1902 1025 et
1944 959 2304 1046 Longinum
2347 960 2501 1028 ibid.

418 1062 519 1127 IX
561 1081 625 1145 Ρ.
655 1060 801 1127 ·545
846 1062 952 1128 W.
999 1062 1286 1144 exempla
1330 1065 1548 1128 autem
1591 1064 1869 1147 plurima
1911 1063 2282 1148 hujusmodi
2322 1060 2503 1148 ἦθο-

418 1168 649 1238 ποιΐας
704 1166 884 1232 dedit
936 1165 1245 1232 Libanius
1305 1167 1379 1232 Τ.
1424 1166 1518 1233 IV
1561 1186 1624 1250 p.
1672 1168 2103 1235 1009—1046
2149 1169 2242 1235 ed.
2287 1169 2502 1236 Beisk.

421 1274 492 1336 et
546 1273 773 1354 postea
834 1289 896 1353 p.
962 1269 1410 1338 1096—1099.
1496 1272 1671 1354 prior
1731 1273 1921 1352 enim,
1986 1291 2178 1357 quam
2245 1273 2502 1360 dialogo

419 1376 747 1442 Lucienus
790 1376 1076 1455 inclusit,
1117 1371 1452 1459 ἦθοποιΐα
1493 1376 1658 1443 haec
1701 1380 1833 1443 est:

611 1464 815 1554 Τίνας
857 1476 945 1544 ἂν
987 1479 1163 1545 εἴποι
1203 1475 1437 1567 λόγους
1491 1478 1725 1564 Τίμων
1767 1478 1971 1564 πένης
2015 1477 2148 1561 «zv,-

737 1583 834 1668 (in
878 1584 1145 1651 Timone
1190 1584 1228 1668 5
1278 1586 1312 1650 1
1360 1584 1502 1652 init.
1551 1622 1633 1632 —-
1680 1584 1718 1669 5
1764 1586 1806 1652 6
1851 1584 2009 1670 fin),

320 1718 333 1723 -
421 1691 636 1756 altera
682 1693 781 1756 est
823 1688 1224 1774 hujusmodi:

614 1792 819 1871 Τίνας
861 1789 950 1859 ἂν
993 1794 1169 1859 εἴποι
1211 1788 1445 1880 λόγους
1498 1791 1728 1879 Τίμων
1774 1789 1810 1858 ὁ
1855 1788 2340 1877 μισάνθρωπος

601 1894 1064 1984 ἀχαριστηθείς
1105 1893 1242 1963 ὑπὸ
1286 1903 1420 1963 τῶν
1461 1895 1665 1982 φίλων
1706 1895 1814 1962 καὶ
1859 1891 2058 1972 αὖθις
2083 1893 2505 1983 πλουτήσαςς

741 2004 837 2087 (ιιι
883 2002 1149 2069 Timone
1195 2001 1233 2086 §
1277 2002 1360 2067 41
1409 2002 1548 2070 init.
1594 2037 1680 2051 —
1724 2001 1816 2068 45
1857 2002 2016 2087 fin.).
2537 1992 2546 1999 ’

422 2107 699 2191 denique
742 2106 1146 2173 laudationes
1192 2106 1480 2174 Timonis
1524 2106 1878 2173 rhetoricas
1923 2106 2247 2173 exstitisse
2290 2106 2394 2172 vel
2432 2125 2507 2173 ex

423 2231 500 2278 eo
540 2213 746 2296 patet,
790 2211 959 2294 quod
1002 2211 1083 2277 ab
1127 2210 1486 2277 rhetoribus
1530 2230 1659 2278 non
1703 2211 1909 2277 solum
1951 2205 2155 2297 ψόγοι
2176 2211 2290 2277 sed
2313 2211 2507 2277 etiam

421 2310 713 2403 ἐγκώμια
773 2314 966 2381 scribi
1019 2315 1316 2382 solebant
1358 2316 1534 2382 vario
1581 2334 1898 2383 successu.
1987 2333 2139 2381 nam
2186 2314 2506 2381 encomio-

418 2419 704 2506 graphos
763 2436 1024 2505 graecos
1068 2420 1391 2504 vituperat
1434 2420 1878 2487 Artemidorus
1935 2420 2002 2485 in
2050 2419 2263 2487 Oneir.
2308 2420 2362 2498 I,
2420 2417 2507 2485 56

421 2524 594 2590 med.
642 2523 1021 2607 eosdemque
1065 2524 1257 2590 solito
1302 2524 1511 2592 acrius
1558 2525 1833 2610 castigat
1878 2528 1944 2591 et
1984 2524 2218 2590 inridet
2253 2523 2508 2590 Marcus

422 2629 794 2695 Antoninus
838 2629 1005 2714 apud
1048 2630 1438 2696 Frontonem
1479 2651 1538 2714 Ρ.
1586 2629 1674 2696 54
1718 2631 1814 2697 ed.
1860 2630 2044 2697 Rom.
2090 2629 2331 2696 rhetori
2354 2646 2508 2696 sane

422 2733 751 2800 Lucianus
811 2733 1307 2801 declamationes
1367 2736 1645 2802 novitias
1712 2735 2055 2802 imitandas
2116 2752 2256 2801 esse
2313 2736 2510 2818 negat

424 2839 697 2922 ideoque
762 2837 831 2903 in
890 2838 1076 2904 Bhet.
1138 2839 1355 2905 Praec.
1426 2840 1463 2922 ἓ
1522 2840 1605 2905 17
1670 2839 1776 2905 fin.
1832 2839 2053 2923 juveni
2107 2838 2346 2906 ironice
2387 2837 2510 2903 hoc

427 2943 692 3009 suadet:
738 2942 874 3008 noli
917 2943 1145 3026 iuquit,
1191 2945 1564 3023 Isocratem,
1608 2944 2126 3023 Demosthenem,
2168 2943 2507 3009 Platonem

424 3048 666 3132 legere,
727 3041 914 3124 ,ἀλλὰ
958 3042 1116 3121 τούς
1156 3052 1290 3114 τῶν
1334 3045 1548 3136 ὀλίγον
1593 3045 1726 3133 πρὸ
1768 3043 1965 3132 ἡμῶν
2007 3042 2239 3135 λόγους
2279 3044 2387 3112 καὶ
2431 3044 2509 3120 ἅς

423 3174 592 3236 φασι
612 3146 860 3224 ταύτας
876 3150 1173 3240 μελέτας,
1222 3148 1308 3227 ὡς
1327 3149 1473 3240 ἔχῃς
1517 3149 1629 3217 ἀπ’
1677 3151 1942 3218 ἐκείνων
1985 3146 2510 3236 ἐπισιτισάμενος

424 3258 502 3321 ἐν
546 3259 745 3343 καιρῷ
786 3251 1329 3344 καταχρήσασθαι
1350 3252 1658 3340 καθάπερ
1688 3259 1759 3322 ἐκ
1787 3254 2092 3342 ταμιείου
2117 3259 2503 3341 προαιρῶν.

425 3364 499 3427 at
542 3360 651 3426 hic
693 3360 951 3445 quidem
995 3362 1074 3427 de
1129 3362 1415 3432 oratione
1473 3364 1730 3428 tantum
1776 3364 1841 3427 et
1883 3379 2115 3446 genere
2160 3361 2509 3444 scripturae

426 3483 642 3532 sermo
699 3468 821 3546 est,
884 3484 1012 3532 non
1070 3466 1229 3532 item
1287 3468 1364 3532 de
1425 3469 1826 3551 argumento·
1851 3461 2251 3548 (ὑποθέσει),
2317 3483 2511 3549 quam

425 3589 569 3636 rem
642 3588 815 3636 nunc
884 3571 1154 3656 agimus.
1247 3571 1361 3638 has
1428 3571 1631 3656 igitur
1698 3569 2308 3638 declamatiunculas
2371 3569 2509 3652 ipse

424 3674 612 3759 prius
662 3675 910 3760 legerat
962 3675 1220 3760 juvenis
1280 3679 1345 3741 et
1399 3676 1831 3754 declamator,
1871 3678 1944 3740 ut
1988 3674 2228 3740 similia
2270 3673 2510 3740 diceret

427 3780 541 3845 vel
594 3780 875 3847 meliora.
965 3781 1031 3845 in
1077 3780 1343 3846 Timone
1400 3798 1552 3846 vero
1596 3797 1677 3845 ne
1722 3797 1888 3845 nova
1930 3778 2250 3845 moliendo
2294 3771 2520 3844 riden-

432 3888 589 3953 dum
633 3905 700 3952 se
748 3886 928 3953 daret
968 3887 1268 3971 laesaque
1313 3884 1583 3952 historia
1629 3885 1916 3952 Timonis
1973 3900 2309 3968 personam
2369 3902 2509 3949 cor·

430 3995 778 4074 rumperet,
836 3990 1163 4083 rhetorum
1208 3990 1444 4056 auxilio
1490 4009 1705 4056 carere
1750 4007 1884 4056 non·
1921 3988 2153 4072 potuit,
2198 4005 2238 4053 a
2280 3986 2509 4071 quibus

434 4095 707 4164 traditos
775 4098 840 4161 et
896 4096 1091 4179 vulgo
1131 4095 1272 4178 jam
1316 4096 1488 4162 credi
1533 4098 1794 4177 coeptos
1837 4092 2195 4160 laudabiles
2240 4094 2306 4157 et
2351 4090 2510 4160 satis

435 4199 655 4266 bonos'
680 4198 968 4266 Timonis
1010 4218 1219 4266 mores
1262 4200 1563 4284 religiose
1607 4199 1905 4265 servavit.
1993 4215 2144 4263 nam
2188 4195 2246 4262 si
2280 4195 2510 4279 tragici

437 4304 540 4371 vel
581 4304 902 4372 fabulosis
941 4305 1011 4370 in
1053 4303 1244 4372 rebus
1287 4308 1361 4371 ut
1403 4304 1471 4374 in
1514 4303 1848 4372 formando
1868 4302 2125 4371 Achille
2147 4302 2261 4370 aut
2283 4300 2510 4367 Oreste
