3099 5241
50 390 69 399 „
104 344 125 387 ³
168 426 183 439 ,
294 444 303 451 ᾖ
504 377 686 433 xxvl
976 444 999 457 ,
1276 376 1820 434 PROLEGOMENA

502 552 940 617 Her-mannum
1006 552 1541 635 Meinekiumque‚
1623 554 1733 634 qui
1812 570 1870 616 v,
1937 548 2200 643 ‹ic'gvyovv
2241 551 2384 617 ausi
2447 553 2580 618 sint

504 656 737 720 delere.
827 661 914 734 at,
960 657 1187 740 inquit,
1231 657 1456 722 inutile
1503 661 1604 722 est
1648 657 1809 722 illud
1855 652 2095 741 ἄζυγον
2115 658 2262 738 post
2283 652 2569 743 ἄγαμον.

502 759 727 825 audio:
788 764 859 825 at
913 780 1069 826 num
1125 762 1360 826 idcirco
1419 779 1642 827 vocem
1699 779 1844 825 vere
1890 760 2156 826 atticam
2200 779 2466 843 eamque
2507 761 2578 829 in

468 863 718 928 codice
765 867 1083 929 servatam
1129 868 1195 929 et
1238 866 1466 929 mediis
1509 865 1720 930 verbis
1742 865 2087 948 Phrynichi
2131 865 2329 947 ipsius
2372 866 2575 931 inser-

501 971 636 1033 tam
680 972 921 1033 temere
964 958 1189 1034 licebit
1232 987 1591 1054 expungere
1637 974 1702 1034 et
1745 970 2117 1034 eradicare?
2192 971 2574 1035 ceterumde

499 1089 653 1137 voce
700 1068 981 1144 ἄδουλος
1025 1072 1379 1137 Lobeckius
1424 1073 1492 1137 in
1514 1073 1829 1155 Aglaoph.
1875 1092 1936 1155 p.
1976 1072 2139 1137 1037
2188 1074 2402 1137 adnot.
2428 1074 2575 1156 [47]

502 1176 741 1258 optime
788 1177 1099 1259 exposuit.
1187 1178 1459 1260 denique
1521 1177 1874 1242 cavendum
1934 1181 2051 1253 est,
2096 1196 2176 1242 ne
2222 1177 2363 1260 quis
2408 1177 2575 1243 forte

501 1280 931 1362 superioribus
998 1281 1209 1346 verbis
1253 1282 1600 1365 Phrynichi
1646 1282 1905 1347 comici:
1976 1282 2057 1357 ζῶ
2127 1278 2196 1345 δὲ
2269 1278 2575 1363 Τίμωνος

499 1383 649 1467 βίον
714 1380 980 1471 ἄγαμον
1045 1404 1400 1470 repugnare
1467 1387 1687 1451 credat
1750 1386 1908 1450 haec
1972 1384 2440 1467 Aristophanea
2493 1385 2574 1449 de

503 1489 726 1554 codem
771 1489 1069 1554 Timone:
1114 1499 1288 1554 ταῖσι
1333 1487 1403 1552 δὲ
1423 1488 1714 1575 γυναιξὶν
1733 1483 1822 1571 ἦν
1844 1488 2170 1572 φίλτατος,
2219 1490 2286 1555 in
2306 1489 2570 1571 Lysistr.

452 1640 455 1643 ι
498 1600 557 1658 v.
604 1592 750 1658 820.
796 1611 947 1658 nam
992 1594 1183 1659 sicuti
1217 1594 1536 1660 Lucianus
1581 1594 1647 1658 in
1694 1594 1960 1659 Timone
2001 1597 2298 1671 testatur,
2341 1593 2573 1661 Timon

501 1697 754 1763 deditus
799 1698 1011 1763 fuerat
1052 1697 1512 1776 meretricibuS,
1559 1716 1722 1780 quae
1765 1716 1867 1762 res
1904 1699 1973 1763 in
1991 1698 2323 1780 utriusque
2346 1696 2573 1763 comici

502 1800 679 1867 locos
741 1801 925 1884 Juxta
993 1802 1307 1868 convenit.
1418 1804 1531 1867 sed
1598 1803 1838 1867 imitari
1904 1803 2237 1867 Timonem
2302 1804 2573 1884 quatuor

496 1906 770 1971 saeculis
812 1910 959 1989 post
1000 1906 1212 1989 ipsum
1257 1907 1466 1989 coepit
1511 1908 1705 1972 etiam
1724 1906 1981 1972 Marcus
2003 1905 2322 1972 Antonius
2343 1905 2571 1971 trium-

364 2058 369 2061 -
495 2009 612 2087 vir,
676 2029 872 2093 quum
932 2010 1012 2076 ab
1075 2011 1299 2077 amicis
1346 2011 1634 2076 desertus
1681 2015 1870 2077 essct.
1962 2014 2031 2076 at
2075 2010 2387 2093 quomodo
2434 2012 2570 2074 tum

496 2132 564 2178 se
609 2114 744 2196 ipse
788 2115 1090 2193 vinceret,
1158 2116 1270 2199 qui
1337 2134 1416 2179 ne
1478 2116 1901 2181 Octavianum
1966 2114 2222 2197 quidem
2266 2112 2569 2178 vicisset?

494 2219 808 2301 quomodo
856 2219 1143 2285 Timonis
1185 2219 1431 2286 victum
1473 2223 1734 2284 tenuem
1778 2219 2087 2301 perferret
2145 2221 2258 2283 aut
2302 2235 2340 2281 a
2384 2214 2569 2282 Cleo-

500 2325 702 2405 patra.
731 2324 838 2388 diu
884 2323 1265 2390 secubaret?
1354 2325 1570 2406 itaque
1627 2324 1760 2389 cito
1816 2322 2021 2387 falsus
2063 2322 2186 2386 iste
2229 2321 2460 2386 Timon
2502 2320 2571 2384 in

498 2427 716 2492 aulam
758 2430 1050 2510 receptus
1096 2428 1270 2493 omni
1315 2446 1546 2511 genere
1575 2427 1935 2504 libidinum,
1978 2429 2053 2491 ut
2071 2424 2344 2502 solebat,
2387 2424 2571 2488 volu-

416 2608 421 2611 „
495 2533 668 2596 tatus
729 2534 845 2599 est.
935 2531 1053 2595 illa
1109 2534 1327 2596 autem
1383 2532 1669 2596 Timonis
1725 2530 2048 2613 personati
2104 2530 2358 2611 incepta
2411 2528 2570 2593 Plu·

492 2635 750 2701 tarchus
795 2636 860 2700 in
899 2634 1179 2701 Antonio
1226 2654 1281 2702 c.
1305 2636 1389 2701 69
1436 2640 1502 2701 et
1545 2655 1599 2701 c.
1649 2637 1730 2700 71
1776 2635 2110 2717 descripsit
2143 2632 2567 2718 lepidissime:

492 2757 653 2821 quae
709 2759 789 2805 ne
834 2741 978 2823 quis
1022 2740 1189 2805 forte
1233 2741 1425 2808 nimis
1470 2745 1661 2805 aucta
1704 2741 1808 2806 vel
1852 2755 2112 2822 prorsus
2156 2737 2308 2803 ficta
2351 2737 2568 2804 existi-

498 2846 651 2921 met,
705 2843 1088 2909 Plutarchus
1142 2843 1247 2926 (ut
1304 2843 1458 2909 ibid.
1519 2863 1574 2909 c.
1637 2844 1720 2909 28
1778 2844 1915 2926 ipse
1975 2839 2277 2926 testatur)
2321 2840 2401 2905 ab
2447 2859 2567 2908 avo

462 2953 463 2958 ’
494 2966 629 3025 sue,
677 2951 840 3012 teste
884 2949 1139 3013 oculato
1187 2951 1536 3030 acceperat.
1628 2948 1789 3013 adde
1834 2948 2002 3029 quod
2047 2965 2195 3011 cum
2220 2944 2566 3010 Plutarcho

168 3079 171 3088 Ρ
358 3049 369 3052 ⁴
470 3052 688 3120 >etiam
752 3052 979 3118 Strabo
1042 3052 1248 3130 XVII,
1312 3053 1370 3131 1,
1417 3052 1458 3116 9
1503 3071 1563 3134 p.
1614 3052 1743 3116 794
1782 3051 2020 3134 partim
2065 3050 2398 3116 consentit.
2490 3049 2568 3114 de

489 3156 627 3237 ipso
673 3160 890 3221 autem
935 3156 1202 3221 Timone
1245 3156 1573 3222 Neanthes
1597 3155 1943 3239 Cyzicenus
1988 3155 2195 3220 multa
2229 3153 2566 3220 tradidisse

489 3258 761 3337 videtur,
828 3279 864 3323 e
933 3259 1163 3343 quibus
1226 3277 1431 3342 pauca
1494 3263 1749 3325 tantum
1818 3260 1896 3325 ab
1960 3259 2156 3326 schol.
2225 3259 2306 3322 ad
2364 3257 2563 3324 Arist.

488 3362 757 3446 Lysistr.
820 3382 877 3428 v.
942 3363 1069 3428 808
1133 3363 1266 3429 sive
1325 3362 1405 3428 ab
1463 3362 1658 3428 Suida
1716 3383 1767 3429 s.
1838 3360 2068 3446 Τίμων
2123 3365 2188 3427 et
2236 3360 2372 3443 (ubi
2415 3363 2564 3428 ante

487 3466 840 3532 Kusterum
854 3462 1194 3549 ,Εὐάνθης
1216 3466 1572 3550 legebatur,
1617 3470 1730 3533 sed
1753 3469 1934 3534 codd.
1956 3471 2159 3532 recte:
2201 3460 2566 3547 Νεάνθης)

488 3590 538 3637 s.
597 3567 1020 3657 Ἀπορρῶγας
1086 3575 1341 3637 servata
1405 3576 1574 3639 sunt.
1677 3573 1881 3655 primo
1949 3575 2166 3638 autem
2231 3570 2565 3638 Timonem

487 3675 773 3753 tradidit,
830 3694 1027 3758 quum
1085 3677 1165 3742 de
1210 3677 1364 3764 piro
1418 3678 1703 3744 silvestri
1763 3676 2100 3742 decidisset
2155 3677 2350 3757 atque
2414 3673 2561 3742 inde

487 3780 879 3846 claudicaret
922 3799 1128 3863 neque
1172 3782 1454 3848 medicos
1500 3782 1886 3864 admitteret,
1930 3779 2264 3862 putredine
2297 3778 2561 3846 ahsum-

487 3887 627 3950 tum
672 3883 891 3949 fuisse.
983 3885 1209 3950 deinde
1254 3886 1433 3950 addit
1453 3885 1780 3951 Neanthes
1824 3887 2063 3950 terram
2107 3885 2174 3950 in
2196 3899 2324 3965 qua
2343 3882 2560 3965 sepul—

488 4007 666 4054 crum
711 3988 997 4055 Timonis
1067 3994 1220 4067 erat,
1289 3991 1471 4068 mari,
1539 3991 1718 4056 velut
1759 3990 2057 4068 insulam,
2111 3989 2392 4071 undique
2436 3988 2560 4053 cir—

458 4093 847 4158 cumfusam
910 4112 1068 4172 esse,
1111 4098 1187 4159 ut
1232 4113 1452 4160 omnes
1507 4094 1646 4178 jam
1691 4094 1995 4159 mortales
2039 4092 2230 4175 hujus
2287 4091 2564 4174 sepulcri

486 4197 666 4263 aditu
711 4197 1302 4266 intercluderentur.
1392 4198 1537 4264 Καὶ
1596 4194 1766 4279 μετὰ
1810 4193 1935 4279 τήν
1978 4191 2281 4278 τελευτὴν
2326 4191 2553 4268 αὐτοῦ,

490 4299 719 4383 inquit,
785 4296 906 4366 τὸν
944 4297 1160 4385 τάφον
1203 4298 1456 4386 ἄβατον
1503 4303 1820 4390 γενέσθαι
1861 4297 1997 4366 ὑπὸ
2039 4297 2375 4384 θαλάττης
2437 4323 2562 4367 πε.-
