3099 5241
1188 392 1388 445 essmv
1432 392 1809 444 ΔιΑΛοιυι.
2111 364 2116 368 ’
2441 362 2537 435 67

456 564 685 651 κρίσιν.
758 564 1002 631 -ΑΦΡ,
1061 559 1284 648 βούλει
1328 557 1446 629 οὗν
1493 560 1978 648 ἔπομόσωμαις
2036 563 2267 631 ΠΛΡ.
2316 562 2543 648 μκηδα-

455 673 620 752 μῶς,
691 667 822 732 ἀλλ’
868 664 1166 755 ὑπόσχου
1206 661 1426 732 πάλιν.
1521 667 1744 734 ΑΦΡ.
1816 664 2264 754 ὑπισχνοῦμαι
2308 663 2390 750 δή
2440 689 2544 732 σοι

455 770 578 857 τήν
620 769 892 854 “Ελε’νην
946 766 1370 857 παραδώσειν
1423 780 1724 858 γυναῖκα,
1795 771 1839 810 ⁴*
1896 768 2003 833 καὶ
2061 766 2541 853 ἀκολουθήσειν
2575 785 2680 841 267

455 901 528 963 γε
583 872 794 959 αὐτὴν
850 874 975 939 καὶ·
1014 871 1363 959 ἀφίξεσθαι
1416 878 1575 958 παρ’
1631 871 1809 958 ὑμᾶς
1868 878 1933 947 ἐς
1987 869 2114 957 τὴν
2145 870 2364 938 Ἶλιον·
2436 874 2543 938 καὶ

459 976 625 1061 αὐτῆ
689 979 1068 1063 παρέσομαι
1111 977 1218 1042 καὶ
1265 973 1626 1062 συμπράξω
1669 973 1752 1043 τὰ
1798 973 2044 1043 πάντα.
2139 975 2370 1043 ΠΛΡ.
2435 976 2543 1041 καὶ

454 1079 570 1147 τόν
620 1079 880 1167 ’Έρωτα
946 1082 1052 1147 καὶ
1118 1078 1238 1148 τὸν
1287 1082 1552 1166 Ἵμερον
1620 1081 1726 1145 καὶ
1793 1077 1911 1155 τὰς
1971 1076 2274 1165 Χάριτας
2333 1078 2500 1155 ἄξεις
2511 1106 2539 1161 3

456 1186 678 1254 ΑΦΡ.
752 1183 1009 1272 θάρρει,
1069 1185 1175 1250 καὶ
1232 1183 1353 1251 τὸν
1406 1181 1661 1252 Πόθον
1717 1186 1824 1250 καὶ
1882 1182 2002 1250 τὸν
2033 1182 2390 1268 ’Υμέναιον
2448 1182 2544 1250 ’ἑτι

456 1288 623 1374 πρὸς
664 1287 921 1363 τούτοις
963 1287 1474 1374 παραλήψομαι.
1569 1288 1800 1356 ΠΑΡ.
1869 1287 2111 1355 οὐκοῦν
2156 1286 2395 1372 δίδωμί
2439 1311 2543 1354 σοι

454 1392 530 1458 τό
575 1395 817 1478 μῆλον·
868 1393 975 1458 ἐπὶ
1018 1391 1277 1467 τούτοις
1320 1390 1644 1478 λάμβανε.

1976 1586 2018 1619 ω

453 1639 567 1692 abe.
713 1635 1080 1703 ἕπομόσωμαι
1096 1634 1206 1702 AG,
1243 1633 1614 1704 ἕπομώσομαι
1650 1639 1698 1689 Δ
1733 1635 1875 1707 (sio),
1912 1635 2270 1706 ἐπομόσομαι
2302 1639 2368 1703 V,
2406 1635 2536 1691 ἐπο-

453 1723 746 1791 μόσασθαι
781 1721 848 1786 21,
908 1720 1265 1790 ἐπομόσομαι
1298 1724 1454 1777 ΒΩΜ
1489 1726 1546 1778 et
1579 1742 1627 1778 v.
1786 1720 1923 1794 ἀλλ’]
1972 1720 2108 1776 ἀλλὰ
2155 1724 2363 1779 ΒΑΟΩ.

452 1830 512 1880 γε
551 1808 631 1863 ἐπ’
675 1808 846 1877 αὐτὴν
862 1808 1058 1867 ΑΟὲῐΔ
1094 1813 1210 1876 etv,
1245 1830 1306 1880 γε
1345 1808 1436 1863 ἐπὶ
1474 1808 1649 1877 αὐτὴν
1665 1811 1728 1876 Β,
1765 1811 1859 1865 sed
1891 1812 1953 1879 γέ
1990 1828 2081 1863 σοι
2118 1808 2291 1877 αὐτὴν
2320 1809 2538 1879 (omisso

455 1895 564 1966 ἐπ’)
600 1899 709 1952 ΩΜ
743 1895 843 1966 (ita
874 1898 983 1951 ΩΜ
1018 1896 1252 1965 diserte).
1327 1897 1637 1951 mendosum
1672 1914 1788 1952 esse
1835 1894 1913 1950 ἐπ’
1954 1897 2156 1967 primus
2200 1898 2338 1951 vidit
2373 1899 2536 1952 Hem-

454 1984 754 2039 sterhusius
806 2001 913 2038 non
966 1984 1081 2038 sine
1133 1984 1273 2038 mala
1325 1985 1630 2054 conjectura
1673 2003 1733 2054 γε
1784 1984 1868 2039 ἔτι
1917 1982 2105 2053 αύτήν.
2180 1988 2367 2055 postea
2398 1986 2537 2041 Bur-

452 2073 669 2126 meister
702 2071 762 2125 in
797 2071 1012 2137 Quaest.
1051 2087 1124 2126 cr.
1160 2089 1213 2141 p.
1247 2074 1283 2127 4
1322 2069 1402 2124 ἐπ’
1445 2069 1619 2138 αὐτήν
1651 2088 1759 2126 non
1790 2072 1927 2126 bene
1961 2072 2114 2126 ambo
2151 2072 2325 2126 deleta
2357 2072 2541 2139 voluit,

453 2159 547 2213 alii
594 2161 773 2213 autem
817 2175 984 2212 unum
1036 2154 1114 2210 ἐπ’
1167 2160 1312 2213 recte
1360 2156 1620 2212 delerant.
1692 2160 1789 2212 aut
1832 2161 1893 2228 γέ
1944 2177 2034 2213 σοι
2072 2154 2244 2225 αύτὴν
2279 2175 2400 2213 oum
2431 2160 2542 2214 ΩΜ

454 2245 792 2300 scribendum
828 2247 926 2310 est,
960 2245 1017 2299 id
1053 2245 1195 2314 quod
1227 2245 1362 2304 mihi
1396 2245 1504 2314 ipsi
1538 2245 1597 2297 in
1631 2244 1711 2298 ed.
1745 2245 1900 2314 prim.
1929 2262 1981 2315 p.
2001 2247 2068 2300 55
2102 2245 2385 2314 probatum
2400 2246 2540 2299 Bek-

452 2334 546 2386 ker
579 2333 796 2403 recepit,
833 2335 927 2386 aut
968 2351 1029 2400 γε
1068 2329 1240 2399 αύτήν
1279 2331 1555 2396 edendum,
1604 2329 1747 2400 quod
1779 2330 2077 2386 Jacobitius
2120 2331 2179 2384 in
2226 2331 2306 2386 ed.
2343 2348 2447 2386 seo.
2486 2335 2541 2387 et

452 2435 593 2474 nuno
628 2435 726 2488 ego
762 2436 971 2489 quoque
1003 2419 1370 2488 praetulimus.
1514 2415 1568 2475 ἐς
1599 2416 1705 2485 τὴν
1720 2415 1965 2474 ΒΑῦΔὲῑ
2001 2419 2056 2471 et
2087 2416 2331 2472 fortassis
2350 2418 2418 2480 Ω,
2460 2412 2537 2476 εἰς

451 2504 552 2573 τὴν
586 2507 644 2560 Μ
680 2508 737 2560 et
769 2524 817 2560 v.
958 2505 1160 2573 HAP.]
1198 2521 1479 2575 personam
1512 2521 1599 2558 om
1630 2503 1696 2559 A.
1851 2500 2017 2572 ἄξεις]
2053 2501 2239 2566 τάξεις
2272 2503 2340 2566 Α,
2393 2501 2536 2565 ἕξεις

451 2593 518 2647 D.
667 2590 869 2660 ΛΦΡ.]
905 2609 1183 2662 personam
1218 2609 1303 2647 om
1337 2592 1402 2647 A.
1564 2588 1791 2659 Πόθον]
1838 2588 2043 2644 Πειθὼ
2081 2589 2145 2646 Y.
2306 2595 2398 2644 καὶ
2434 2589 2535 2644 τὸν

442 2678 747 2747 ‘naamon
783 2677 866 2731 ἔτι
899 2679 1047 2734 BAD
1083 2682 1139 2734 et
1170 2679 1349 2734 Belini
1383 2678 1442 2746 C,
1480 2676 1562 2732 ἔτι
1598 2684 1691 2731 καὶ
1725 2677 1827 2732 τὸν
1851 2676 2161 2746 ’Ῥμέναιον
2193 2679 2302 2733 ΩΜ
2321 2676 2421 2746 (ita
2436 2677 2533 2747 M),

451 2773 544 2818 καὶ
577 2765 677 2819 τὸν
702 2764 1003 2834 ’Υμέναιον
1038 2765 1145 2835 (om
1180 2754 1282 2835 ἔτι)
1302 2764 1403 2824 ἓῐΔ
1437 2768 1493 2821 et
1507 2766 1838 2821 Lachmanni
1873 2765 1917 2820 C
1952 2768 2007 2820 et
2039 2783 2087 2820 v.
2226 2763 2369 2836 πρὸς
2401 2763 2530 2818 τού-

449 2852 581 2921 τοις]
615 2851 760 2920 πρὸς
792 2849 1020 2909 τούτους
1035 2852 1102 2909 A.
1241 2856 1420 2907 IIAP.
1463 2850 1663 2907 ούκούν
1699 2851 1791 2906 ἐπὶ
1824 2849 2044 2909 τούτοις
2079 2847 2285 2921 δίδωμι
2318 2850 2383 2905 τὸ
2422 2851 2530 2920 μῆ-

450 2936 563 3002 λον,
618 2938 709 2993 ἐπὶ
750 2937 970 2996 τούτοις
1019 2935 1266 3008 λάμβανε
1299 2941 1541 2997 ΒΑΟΔΩ
1587 2944 1644 2997 et
1675 2960 1723 3007 v,
1779 2936 1989 3008 δίδωμί
2032 2958 2122 2992 σοι
2165 2956 2263 3010 pro
2300 2934 2525 3005 δίδωμι,

450 3029 657 3081 caetera
704 3027 885 3080 eodem
919 3025 1072 3080 modo
1107 3027 1216 3091 Md,
1267 3028 1428 3082 verba
1474 3026 1565 3081 ἐπὶ
1611 3025 1831 3084 τούτοις
1874 3023 2121 3096 λάμβανε
2169 3043 2269 3091 om,
2323 3025 2532 3080 coetera

448 3113 612 3167 habet
647 3112 828 3167 eodem
862 3112 1016 3166 modo
1050 3113 1117 3177 D,
1161 3112 1255 3166 sed
1291 3111 1342 3171 21
1376 3114 1481 3169 siet
1533 3115 1711 3165 ΠΛΡ.
1754 3110 1957 3165 οὐκοῦν
2006 3108 2213 3180 δίδωμι
2246 3111 2311 3165 τὸ
2348 3108 2530 3180 μῆλον

452 3197 541 3250 ἐπὶ
576 3196 796 3254 τούτοις
832 3206 925 3251 καὶ
959 3195 1225 3267 λάμβανε.
1303 3202 1358 3252 et
1391 3199 1510 3268 quis
1548 3199 1731 3254 eredat
1762 3199 1820 3252 in
1857 3198 2037 3253 decem
2053 3199 2229 3254 verbis
2259 3199 2527 3254 eonffinuis

447 3283 667 3341 τούτοις
701 3288 786 3338 ter
818 3285 1077 3355 seriptum
1108 3285 1321 3340 fuisse?
1390 3285 1531 3355 quod
1565 3285 1918 3353 advulgatam
1932 3286 2180 3356 pertinet,
2212 3285 2373 3355 hujus
2407 3285 2529 3340 vitii

448 3371 626 3425 sedem
667 3371 776 3439 jam
820 3371 878 3424 in
912 3370 993 3426 ed.
1030 3388 1107 3440 pr.
1144 3388 1196 3440 p.
1235 3373 1303 3427 55
1346 3373 1492 3426 reete
1524 3372 1814 3427 monstravi
1855 3371 2127 3442 delevique
2160 3372 2326 3427 altero
2360 3373 2396 3427 1.
2434 3370 2526 3425 ἐπὶ

447 3456 665 3513 τούτοις
701 3473 749 3522 ,a
783 3457 972 3511 scribis
1007 3457 1093 3510 bis
1127 3457 1377 3527 positum,
1413 3474 1576 3527 quum
1610 3459 1773 3515 semel
1808 3460 2105 3530 oporteret‘.
2177 3462 2231 3514 et
2263 3462 2381 3513 tum
2404 3459 2525 3529 qui-

448 3544 566 3598 dem
599 3543 891 3613 posteriore
924 3542 961 3598 l.
994 3541 1084 3595 ἐπὶ
1119 3541 1338 3600 τούτοις
1372 3543 1542 3599 delevi
1585 3561 1704 3599 oum
1740 3545 1852 3600 eod.
1894 3544 2058 3601 Oxon.
2103 3547 2161 3599 at
2204 3544 2364 3600 hodie
2397 3545 2525 3611 sei0‚

447 3630 561 3686 eod.
597 3630 915 3684 Vaticanum
947 3629 1123 3700 priore
1168 3630 1205 3684 1.
1257 3627 1349 3682 ἐπὶ
1392 3628 1612 3687 τούτοις
1653 3649 1761 3686 non
1807 3648 2107 3702 agnoscere.
2177 3647 2339 3702 quare
2382 3646 2525 3686 nuno

444 3717 525 3771 ita
557 3716 785 3772 correxi:
831 3718 1008 3769 HAP.
1051 3714 1254 3768 ούκούν
1291 3711 1500 3784 δίδωμί
1531 3735 1623 3769 σοι
1654 3717 1720 3771 τὸ
1756 3715 1954 3786 μῆλον·
2006 3716 2099 3770 ἐπὶ
2132 3718 2350 3774 τούτοις
2384 3714 2523 3785 λάμ-

446 3808 599 3878 βανρ.
675 3802 809 3857 adde
845 3802 986 3872 quod
1020 3803 1114 3857 alii
1131 3803 1330 3872 dialogi
1364 3803 1582 3858 deorum
1615 3804 1865 3859 similiter
1881 3804 2147 3870 desinunt,
2180 3803 2383 3874 primus
2417 3804 2522 3858 ita:

448 3891 506 3942 σὲ
556 3887 618 3943 δὲ
668 3889 697 3942 ὁ
723 3887 1033 3959 εἭφαιστος
1076 3888 1169 3942 ἐπὶ
1217 3888 1436 3948 τούτοις
1480 3887 1693 3944 λυσάτω
1741 3894 1797 3946 et
1830 3891 2117 3946 'seeundum
2171 3888 2263 3944 ἐπὶ
2305 3887 2525 3949 τούτοις

446 3975 657 4046 ἀφίημί
702 3996 780 4030 σε.
869 3980 1194 4032 caeterorum
1241 3977 1634 4033 emendationes
1674 3979 1759 4033 vel
1810 3977 1929 4032 ideo
1976 3976 2141 4032 falsae
2187 3981 2328 4044 sunt,
2382 3979 2524 4048 quod

445 4078 622 4119 omnes
656 4065 798 4119 istae
835 4061 926 4117 ἐπὶ
960 4063 1179 4122 τούτοις
1211 4068 1437 4135 utroque
1482 4066 1600 4120 loco
1645 4065 1782 4120 male
1827 4067 2103 4120 servarunt
2138 4068 2194 4120 et
2236 4068 2300 4120 ut
2338 4067 2525 4134 posset

444 4152 655 4218 servari,
689 4154 967 4207 mutarunt
1000 4152 1160 4207 etiam
1192 4169 1460 4222 personas.
1529 4153 1612 4207 ita
1643 4154 1763 4207 Van
1778 4152 1941 4207 Eldik
1972 4153 2032 4206 in
2050 4152 2345 4224 suspicion.
2368 4152 2519 4222 Speo.

443 4256 492 4308 p.
532 4240 598 4295 18
640 4239 835 4293 voluit:
888 4241 1065 4290 ΑΦΡ.
1099 4268 1168 4277 —
1196 4236 1629 4310 παραλήψομαι.
1707 4237 1910 4294 ούκούν
1954 4238 2046 4293 ἐπὶ
2088 4237 2307 4296 τούτοις
2352 4234 2521 4296 δίδως

443 4345 543 4393 μοι
575 4324 641 4379 τὸ
677 4322 888 4393 μῆλον;
935 4328 1115 4379 ΠΛΡ.
1157 4324 1249 4379 ἐπὶ
1293 4323 1511 4384 τούτοις
1557 4323 1826 4396 λάμβανε,
1874 4327 1954 4382 ita
1984 4326 2169 4382 Eldiki
2199 4325 2518 4397 pedisequus

2032 4410 2105 4470 5*
