3099 5241
1278 449 1817 506 NEOYOMANTIA.
2398 450 2588 507 LXIII

430 638 437 649 “
495 647 634 693 0330
689 632 820 692 tam
879 646 1143 693 aversus
1203 647 1241 690 a
1293 646 1444 691 vero
1505 631 1769 711 tamque
1828 645 2151 711 praecepS,
2219 632 2292 691 ut
2335 626 2586 709 Necyo-

494 733 804 796 mantiam
872 732 1126 797 saeculo
1191 730 1321 795 XII
1375 732 1475 796 vel
1534 731 1689 794 XIV
1751 731 2012 795 demum
2079 731 2378 815 scriptam
2446 751 2586 798 esse

497 838 841 922 opinetur?
930 837 1030 900 Ac
1077 837 1155 900 de
1184 834 1567 918 Byzantinis
1597 834 2099 918 Necyomantiae
2139 837 2347 920 ipsius
2374 838 2586 901 imita-

493 941 760 1025 toribus,
809 943 924 1026 qui
966 943 1198 1026 partim
1246 941 1456 1005 adhuc
1501 945 1779 1022 exstant,
1823 940 2067 1005 Hasius
2111 942 2249 1024 ipse
2287 941 2587 1006 disseruit

494 1044 561 1129 (l.
622 1047 665 1109 1.
723 1068 784 1132 p.
837 1046 1224 1128 131-246)‚
1296 1065 1574 1130 quorum
1629 1065 1805 1108 unus
1866 1064 2027 1109 saec.
2075 1043 2203 1108 XII
2264 1046 2586 1130 dialogum

497 1153 766 1215 nomine
836 1149 1247 1233 ,Q‘lleape'ww‘
1313 1151 1597 1234 scripsit,
1683 1169 1874 1234 quem
1957 1149 2279 1232 dIalogum
2343 1150 2587 1217 Hasius

494 1257 816 1340 integrum
882 1256 1113 1337 edidit,
1181 1254 1350 1319 alius
1409 1254 1750 1337 (Mazarius
1764 1254 1817 1331 P)
1879 1273 2041 1318 saec.
2088 1253 2210 1318 XV
2259 1255 2584 1339 dialogum

494 1358 862 1443 barbarum,
933 1361 1118 1443 cujus
1177 1364 1630 1442 argumentum
1688 1358 1932 1423 Hasius
1990 1361 2317 1443 exposuit:
2389 1357 2585 1437 ,Διά-

502 1468 692 1550 λογος
749 1459 1068 1546 rupe-abg-
1143 1460 1458 1545 ἐπιδημία
1509 1459 1777 1545 ῘΙΙάζαρι
1834 1443 1969 1544 (Sic)
2028 1468 2097 1525 ἐν
2144 1463 2337 1548 ᾇὸὀυ(
2384 1470 2447 1530 et
2491 1466 2585 1530 sio

493 1588 700 1653 porro,
770 1569 848 1635 de
916 1568 1039 1632 alio
1107 1586 1368 1653 prorsus
1434 1573 1644 1632 tacere
1709 1572 2002 1651 praestat.
2094 1569 2399 1633 Attamen
2463 1571 2585 1634 alia

493 1673 737 1738 Hasius
783 1673 1012 1738 addere
1057 1677 1120 1738 et
1164 1691 1239 1737 ea
1281 1672 1545 1736 meliora
1587 1673 1812 1757 potuit,
1857 1671 2036 1736 velut
2076 1672 2386 1738 Theodori
2428 1674 2586 1739 Pro-

497 1778 702 1841 dromi
747 1776 963 1854 ,Βίων
995 1775 1312 1858 Πρᾶσιιϋ,
1367 1778 1480 1860 qui
1527 1777 1820 1861 dialogus
1866 1796 1900 1840 e
1930 1776 2253 1842 Lucianeo
2299 1779 2586 1861 ejusdem

493 1884 776 1947 nominis
834 1882 1081 1966 dialogo
1138 1900 1482 1965 expressus
1540 1886 1695 1962 erat,
1763 1886 1838 1944 ut
1893 1882 1971 1945 ad
2018 1882 2149 1945 Vit.
2200 1884 2390 1947 Auct.
2440 1904 2492 1947 c.
2546 1886 2578 1948 1

497 1988 803 2052 diximus.
894 1986 1123 2071 Itaque
1182 1986 1587 2051 Theodorum
1643 1985 2062 2051 Prodromum
2121 1988 2409 2071 aliosque
2453 1988 2586 2070 By-

495 2094 788 2156 zantinos
849 2110 1003 2155 sane
1061 2091 1324 2175 adparet
1364 2090 1728 2155 Lucianum
1789 2092 2038 2155 naviter
2090 2092 2370 2155 imitatos
2425 2111 2583 2157 esse.

494 2195 580 2259 Et
647 2196 727 2260 ab
795 2196 1038 2262 eisdem
1103 2197 1262 2260 viris
1343 2196 1728 2261 scholiorum
1794 2194 2265 2261 Lucianeorum
2342 2201 2585 2281 partem

496 2300 824 2365 meliorem
888 2301 1233 2386 profectam
1302 2320 1443 2365 esse
1511 2299 1853 2365 confirmo:
1924 2321 2118 2384 quam
2177 2320 2314 2366 rem
2370 2320 2584 2386 neque

499 2404 608 2468 alii
650 2425 866 2490 neque
913 2405 1192 2470 Cobetus
1238 2407 1328 2487 (in
1362 2405 1542 2468 Varr.
1592 2403 1764 2468 Lect.
1813 2424 1875 2488 p.
1923 2405 2073 2486 212)
2120 2405 2583 2472 animadverte-

494 2514 665 2573 runt.
758 2508 1003 2585 Quodsi
1060 2512 1167 2575 cui
1226 2516 1355 2575 tam
1414 2510 1609 2593 longa
1667 2509 2098 2593 disputatione
2143 2527 2400 2593 operam
2442 2530 2585 2595 per-

498 2614 736 2679 didisse
779 2614 1063 2698 videbor,
1116 2617 1173 2681 is
1219 2616 1526 2679 continuo
1576 2613 1799 2678 ordine
1847 2612 2395 2696 ,Necyomantian‘
2444 2636 2584 2701 per·

494 2719 664 2803 legat
721 2724 784 2783 et
843 2718 1378 2804 ,Philopseuden‘,
1449 2719 1857 2783 adnotatione
1917 2738 2058 2782 mea
2112 2720 2183 2782 in
2240 2720 2584 2785 consilium

497 2823 797 2887 adhibita.
887 2824 1054 2887 Tum
1107 2824 1385 2908 profecto
1440 2822 1752 2906 intelliget
1807 2824 2007 2886 unius
2051 2825 2375 2907 scriptoris
2420 2844 2582 2910 opus

496 2946 637 2991 esse
702 2934 1067 3011 utrumque.
1179 2927 1349 3010 Ergo
1420 2928 1534 3011 qui
1605 2926 2151 3008 ,Necyomantian‘
2221 2931 2583 3010 genuinum

496 3050 636 3096 esse
682 3031 1008 3115 dialogum
1052 3033 1400 3115 negaverit,
1445 3034 1501 3095 is
1547 3032 1773 3095 eadem
1803 3049 1993 3115 opera
2023 3031 2283 3114 negabit
2310 3031 2583 3098 Luciani

496 3154 636 3201 esse
701 3155 889 3220 posse
959 3134 1512 3220 ,Philopseuden‘2
1595 3155 1723 3220 quo
1801 3154 2008 3200 errore
2087 3135 2250 3198 nihil
2326 3140 2582 3221 turpius

498 3241 759 3324 cogitari
829 3245 1058 3325 potest,
1125 3240 1287 3303 nihil
1353 3241 1716 3305 absurdius,
1824 3237 2126 3323 Denique
2194 3242 2308 3323 qui
2372 3244 2583 3306 imita-

495 3343 741 3409 toribus
785 3342 1057 3408 Luciani
1116 3345 1309 3429 paulo
1370 3352 1516 3429 post
1559 3346 1767 3429 ipsius
1812 3349 2081 3409 aetatem
2126 3344 2338 3410 locum
2382 3347 2582 3413 fuisse

494 3448 848 3531 finxerunt,
919 3449 1101 3514 obliti
1159 3455 1359 3533 erant,
1428 3452 1777 3532 satyricum
1846 3467 2128 3532 eumque
2190 3449 2400 3532 talem,
2469 3452 2582 3535 qui

494 3555 669 3638 ipsos
731 3554 884 3618 deos
938 3553 1276 3637 gentilium
1330 3557 1576 3637 riserat,
1633 3554 1944 3620 imitando
2005 3554 2362 3637 exprimere
2420 3555 2584 3619 nihil

494 3663 636 3722 tum
698 3659 961 3743 quidem
1017 3657 1193 3722 aliud
1247 3657 1542 3722 futurum
1586 3658 1787 3722 fuisse
1831 3659 1959 3722 nisi
2002 3663 2239 3722 temere
2283 3678 2581 3741 praeseus

496 3764 721 3847 capitis
785 3763 1143 3847 periculum
1220 3762 1408 3826 adire.
1520 3760 1907 3846 Quanquam
1972 3762 2079 3825 isti
2143 3762 2577 3829 imitationum

495 3886 781 3952 aucupes
848 3867 1006 3932 alios
1072 3869 1442 3952 scriptores„
1523 3885 1686 3951 quos
1751 3866 1943 3951 paulo
2008 3870 2154 3951 post
2218 3863 2580 3932 Lucianum

497 3972 739 4037 scimus
768 3971 1084 4055 floruisse,
1114 3992 1325 4056 usque
1350 3972 1431 4036 ad
1460 3970 1807 4036 Libanium
1834 3976 1896 4035 et
1916 3969 2292 4053 Eunapium
2321 3990 2580 4054 prorsus

495 4076 936 4159 neglexerunt.
1025 4077 1299 4141 Tantum
1345 4076 1518 4141 enim
1566 4076 1764 4158 abest,
1823 4082 1894 4140 ut
1938 4076 2006 4139 hi
2049 4074 2389 4159 gentilium
2433 4076 2581 4141 reli-

495 4182 707 4265 gionis
768 4181 1023 4265 patroni
1080 4180 1391 4245 imitando
1448 4188 1743 4245 nostrum
1806 4199 2083 4265 usquam
2128 4180 2578 4263 expresserint,

496 4292 572 4350 ut
626 4285 705 4350 de
759 4284 1046 4350 Luciano
1106 4284 1351 4369 ubique
1409 4289 1663 4350 taceant
1731 4304 2013 4370 eumque
2071 4282 2220 4350 odio
2277 4286 2579 4369 persequi

495 4390 742 4456 soleant
782 4390 1195 4455 internecivo.
