3099 5241
524 394 655 491 xvi
740 470 746 479 ἢ
1292 392 1833 452 PuonneoMnNA

526 588 649 653 que
705 568 934 635 horum
993 568 1283 635 codicum
1342 569 1724 635 auctoritate
1779 569 2062 634 multum
2116 571 2348 639 valere.
2438 576 2605 657 quod

527 674 649 741 etsi
692 674 1023 741 verissime
1069 674 1311 740 dictum
1370 692 1508 740 esse
1570 674 1987 753 defendimuS,
2048 678 2265 741 tamen
2317 677 2435 743 hoc
2478 697 2604 744 uno

527 778 733 844 omnis
775 797 878 845 res
920 779 1413 862 haudquaquam
1459 778 1750 844 confecta
1797 782 1910 845 est.
1998 779 2064 844 in
2108 779 2391 846 Luciano
2437 783 2605 847 enim

526 883 752 967 optimi
796 883 1065 962 codices,
1114 885 1190 948 de
1236 901 1506 966 quorum
1554 883 1867 973 dignitate
1912 883 2164 949 dubitat
2206 905 2414 965 nemo,
2459 904 2607 970 par-

458 1010 463 1015 ’
525 987 645 1054 tim
705 988 946 1054 eisdem
1000 988 1383 1054 lectionibus
1444 988 1646 1052 amice
1704 988 2086 1072 conspirant,
2153 990 2389 1072 partim
2448 991 2610 1055 mire

528 1093 896 1177 depugnant
940 1093 1108 1158 inter
1167 1111 1236 1158 se
1282 1095 1347 1157 et
1399 1091 1848 1176 digladiantur.
1937 1092 2053 1158 has
2098 1112 2199 1158 res
2246 1093 2609 1160 Siemonse-

526 1196 672 1262 nius
716 1216 966 1280 quoque
1009 1197 1077 1262 in
1123 1196 1412 1277 Quaestt.
1457 1196 1612 1262 Luc.
1662 1197 1907 1262 studuit
1953 1198 2262 1280 expedire,
2321 1199 2432 1283 qui
2476 1199 2608 1264 Va-

525 1301 752 1366 ticanis
798 1303 979 1367 codd.
1025 1303 1121 1367 uti
1179 1300 1460 1367 nondum
1518 1302 1748 1384 potuit.
1839 1321 1963 1385 quo
2007 1302 2216 1386 magis
2261 1303 2609 1385 optandum

528 1409 646 1485 est,
707 1409 776 1472 ut
822 1407 1047 1489 optimi
1092 1406 1323 1488 quique
1370 1406 1619 1471 codices
1679 1405 1908 1471 melius
1956 1406 2153 1471 etiam
2199 1409 2262 1472 et
2307 1406 2610 1490 conjungi

526 1510 776 1593 possint
818 1514 881 1577 et
927 1510 1250 1595 distingui,
1309 1529 1423 1576 sua
1484 1511 1713 1593 cuique
1771 1510 2003 1577 aetatis
2059 1514 2212 1576 nota
2267 1514 2439 1577 certo
2495 1511 2608 1576 ad·
2689 1524 2696 1529 ·

528 1613 784 1698 signata
829 1618 893 1680 et
935 1617 1157 1680 mutuo
1203 1633 1368 1680 nexu
1413 1633 1534 1697 quo
1598 1614 1766 1679 inter
1825 1634 1893 1679 se
1954 1614 2333 1680 cohaereant
2375 1614 2610 1697 ubique
2697 1626 2704 1633 ·

527 1721 792 1801 reperto.
884 1737 960 1784 ac
1004 1720 1081 1784 de
1105 1719 1414 1785 Vaticano
1460 1723 1631 1784 certe
1655 1719 1737 1783 87
1781 1716 1910 1804 (Ξῖ),
1958 1719 2139 1803 cujus
2183 1737 2376 1802 prope
2420 1720 2610 1785 unius

527 1822 720 1888 lectio
764 1823 912 1889 huic
954 1824 1265 1888 volumini
1311 1823 1479 1888 inest
1523 1842 1650 1888 non
1696 1824 1851 1889 item
1894 1822 2045 1889 libri
2087 1823 2174 1888 90
2202 1822 2342 1908 (Γ),
2391 1843 2610 1890 omnes

406 1992 409 1993 γ
527 1927 863 2011 praevideo
931 1928 1089 1993 mihi
1156 1927 1347 1993 fidem
1412 1927 1742 1993 habituros
1804 1945 1961 1993 esse.
2066 1927 2176 1992 sed
2241 1928 2611 2011 priusquam

530 2034 700 2098 certo
748 2031 897 2098 sciri
940 2032 1162 2116 possit,
1209 2035 1350 2097 uter
1394 2033 1522 2097 utri
1544 2032 2002 2098 Vaticanorum
2044 2035 2369 2114 praestare
2390 2033 2609 2098 videa-

527 2139 652 2214 tur,
712 2135 875 2201 illud
919 2136 1351 2219 quaerendum
1397 2138 1514 2214 est,
1576 2154 1889 2219 quaenam
1947 2137 2111 2202 ratio
2154 2137 2322 2202 inter
2350 2137 2610 2203 Vatica-

529 2259 759 2306 canum
804 2241 937 2306 sive
982 2240 1259 2305 alterum
1303 2241 1435 2306 sive
1480 2243 1820 2323 utrumque
1867 2244 1931 2306 et
1974 2241 2140 2306 inter
2160 2240 2610 2307 Vindobonen-

530 2363 665 2410 sem
710 2345 765 2409 Β
826 2344 1192 2410 intercedat.
1281 2343 1754 2410 Siemonsenius
1809 2346 2007 2430 igitur
2061 2346 2128 2413 in
2185 2345 2475 2426 Quaestt.
2535 2347 2609 2412 L.

529 2467 591 2532 p.
637 2449 744 2529 21,
789 2449 899 2533 qui
943 2448 1418 2515 Vindobonensi
1463 2450 1518 2514 Β
1567 2450 1854 2515 addictus
1901 2452 2017 2528 est,
2084 2450 2253 2533 quod
2300 2468 2612 2535 egoprac

532 2554 800 2620 caeteris
824 2554 1074 2620 codices
1096 2551 1412 2640 ΒΑΟΨ*)
1437 2555 1629 2620 duces
1676 2554 1999 2638 elegerim,
2044 2555 2233 2620 valde
2268 2555 2609 2623 conlauda-

739 2780 797 2850 *)
832 2782 965 2848 Hoc,
998 2782 1229 2851 inquam,
1277 2779 1488 2835 ordinet
1534 2779 1645 2846 AC,
1693 2797 1802 2835 non
1848 2782 2114 2835 contrario
2150 2781 2260 2847 CA,
2307 2799 2530 2852 quorum
2563 2784 2615 2837 A

533 2869 856 2927 Gorlicensis
904 2872 988 2926 est
1031 2885 1168 2924 saec.
1205 2868 1354 2934 XIV,
1389 2868 1434 2923 C
1477 2871 1656 2922 autem
1702 2885 1764 2922 ex
1810 2870 1964 2938 parte
2011 2868 2284 2937 gemellus,
2336 2869 2613 2924 Parisinus

532 2959 669 3016 3011
707 2973 842 3013 saec.
878 2956 1036 3011 XIIL
1109 2972 1243 3026 quae
1291 2956 1432 3010 enim
1477 2958 1659 3026 partes
1704 2972 1766 3008 ex
1801 2954 1924 3009 aliis
1971 2955 2129 3024 plane
2172 2955 2326 3009 libris
2362 2955 2533 3009 codici
2568 2954 2613 3010 Ο

532 3060 701 3116 nuper
734 3043 943 3100 demum
974 3046 1173 3100 temere
1211 3042 1421 3099 additae
1456 3046 1599 3107 sunt,
1649 3058 1757 3096 una
1788 3042 2182 3097 membranacea
2214 3044 2271 3096 et
2304 3041 2613 3096 chal-taceae

533 3131 666 3186 duae
717 3130 997 3186 admodum
1041 3132 1296 3196 recentes,
1348 3130 1524 3184 tribus
1573 3129 1660 3184 his
1708 3129 1951 3198 partibus
2000 3144 2120 3182 cum
2163 3128 2277 3182 cod.
2316 3128 2616 3184 Gorlicensi

532 3217 680 3272 nulla
714 3219 925 3272 omnino
960 3216 1296 3273 necessitudo
1344 3216 1645 3271 intercedit.
1717 3216 1797 3270 ita
1833 3218 1888 3270 et
1924 3215 2263 3281 Gorlicensis‚
2317 3215 2413 3285 qui
2445 3215 2614 3270 multo

532 3304 738 3374 plenior
789 3306 887 3379 est,
948 3320 1143 3372 magna
1202 3320 1265 3358 ex
1327 3305 1480 3372 parte
1534 3319 1655 3356 cum
1708 3300 1823 3356 cod.
1881 3302 1926 3358 C
1991 3319 2099 3357 non
2152 3302 2399 3357 cohaeret
2452 3305 2508 3357 et
2559 3302 2617 3357 in

533 3390 731 3446 codicis
786 3389 831 3445 C
882 3389 1256 3459 antiquissima
1304 3391 1517 3442 tantum
1569 3391 1736 3458 parte,
1800 3405 1906 3459 qua
1961 3389 2310 3458 bombycinus
2365 3392 2464 3455 est,
2515 3389 2618 3444 ali-

534 3479 665 3548 quot
698 3476 912 3546 dialogi,
963 3478 1059 3547 qui
1105 3477 1265 3531 etiam
1310 3476 1371 3529 in
1404 3475 1454 3530 A
1488 3475 1756 3543 leguntur,
1803 3475 2119 3544 verbotenus
2166 3476 2247 3530 ita
2280 3476 2615 3542 conveniunt,

533 3567 596 3619 ut
628 3564 689 3619 in
720 3564 822 3620 hac
857 3581 965 3619 una
995 3566 1147 3633 parte
1193 3579 1320 3618 sane
1364 3562 1460 3617 illa
1494 3564 1687 3631 exigua
1722 3561 2045 3619 Gorlicensis
2078 3562 2130 3618 A
2175 3562 2344 3619 videri
2377 3564 2552 3633 possit
2583 3580 2616 3616 e

458 3723 465 3726 Α
533 3651 778 3723 Parisino
815 3651 858 3706 C
894 3650 1192 3720 descriptus
1230 3666 1362 3705 esse.
1433 3666 1734 3719 quanquam
1767 3666 1836 3704 ne
1871 3650 1929 3703 in
1975 3650 2077 3704 hac
2112 3649 2329 3719 quidem
2361 3652 2513 3721 parte
2546 3650 2614 3703 li-
2681 3721 2684 3724 Ι

532 3738 689 3792 brum
724 3738 783 3804 C,
819 3738 913 3810 qui
945 3738 1033 3792 vix
1068 3737 1241 3792 obiter
1273 3738 1549 3806 inspectus
1587 3738 1686 3800 est,
1720 3737 1875 3805 sequi
1890 3736 2035 3800 licet,
2071 3734 2167 3790 sed
2190 3736 2322 3790 duce
2357 3736 2441 3790 uti
2474 3752 2615 3790 nunc

536 3826 745 3895 oportet
779 3841 841 3879 eo
892 3826 986 3895 qui
1035 3824 1222 3880 eximie
1269 3823 1511 3878 conlatus
1559 3825 1643 3877 est
1680 3822 2003 3879 Gorlicensi:
2056 3823 2176 3878 vide
2222 3839 2357 3893 quae
2404 3822 2516 3877 dixi
2549 3822 2618 3877 ad

534 3910 830 3966 Lucianum
850 3912 916 3967 V.
952 3911 1014 3965 Π
1059 3911 1122 3966 P.
1157 3911 1219 3965 11
1254 3910 1427 3968 Praef.
1464 3928 1517 3980 p.
1555 3910 1624 3964 X.
1696 3909 1823 3964 hinc
1871 3911 2117 3980 sequitur
2147 3909 2283 3965 falso
2336 3912 2390 3964 et
2435 3910 2619 3980 inepte

536 3998 742 4053 dictum
775 4014 906 4064 esse,
959 3998 1102 4069 quod
1148 3998 1543 4053 Siemonsenius
1583 3997 1652 4050 in
1696 3997 1935 4063 Quaestt.
1970 3998 2033 4052 L.
2070 4014 2124 4066 p.
2164 4000 2228 4054 11
2263 3996 2618 4052 confirmavit:

451 4139 455 4144 .
537 4101 660 4150 ‚non
693 4085 896 4150 dubito,
946 4085 1142 4155 inquit,
1178 4085 1306 4155 quin
1344 4083 1669 4141 Gorlicensis
1703 4083 1753 4138 A
1787 4086 1934 4138 totus
1971 4101 2033 4137 ex
2066 4081 2314 4138 Parisino
2350 4084 2410 4149 Ο,
2447 4083 2617 4155 qualis

536 4188 678 4226 nunc
714 4175 812 4238 est,
864 4173 1222 4242 transcriptus
1258 4172 1364 4226 sit‘.
1435 4171 1652 4226 videant
1696 4171 1892 4241 potius,
1945 4170 2139 4241 quibus
2186 4171 2314 4225 libri
2355 4170 2400 4226 C
2447 4171 2616 4224 denuo

538 4259 877 4330 comparandi
909 4261 1061 4330 copia
1093 4259 1201 4325 fiet,
1249 4275 1378 4313 num
1409 4258 1470 4312 in
1502 4261 1655 4328 parte
1700 4257 1861 4327 hujus
1905 4256 2108 4311 ‘codicis
2154 4256 2471 4326 bombycina
2504 4254 2616 4308 dia-

537 4346 652 4416 logi
686 4346 900 4417 quidam
914 4346 1172 4402 Lucianei
1205 4346 1469 4417 legantur,
1504 4348 1600 4417 qui
1631 4346 1794 4402 iidem
1826 4346 1886 4401 in
1904 4345 2202 4403 Gorlicensi
2234 4344 2394 4401 hodie
2421 4342 2614 4399 desint.

3049 4973 3069 5209 -ι-ι--Ιε-
3035 3814 3073 4942 -ᾼὲψμιι-Ᾱὸ,ι-μᾲὴ--
3069 3661 3072 3730 fflh„
