3099 5241
561 408 710 481 184
1388 436 1818 489 ΛοτΚιΑΝοτ

553 615 741 697 κοινῇ
797 613 965 677 πᾶσι
1021 612 1302 697 χρυσοῦν
1356 606 1727 692 ἀναστῆσαι
1783 605 1902 673 τὸν
1958 608 2237 694 Τίμωνα
2281 610 2463 694 παρὰ
2508 608 2634 695 τῆν

547 713 854 797 Ἀθηνᾶν
912 717 982 779 ἐν
1024 717 1108 801 τῇ
1154 708 1523 797 ἀκροπόλει,
1588 711 1907 797 κεραυνὸν
1950 717 2019 777 ἐν
2062 719 2145 801 τῇ
2191 712 2362 798 δεξιᾷ
2406 713 2634 803 ἔχοντα

553 817 660 882 καὶ
719 815 984 892 ἀκτῖνας
1040 817 1148 882 ἐπὶ
1204 823 1287 903 τῇ
1341 817 1588 903 κεφαλῇ
1629 816 1738 880 καὶ
1786 823 2198 903 στεφανῶσαι
2243 816 2446 884 αὐτὸν
2486 842 2636 906 χρυ-

556 933 694 996 σοῖς
739 920 1084 1007 στεφάνοις
1129 917 1320 999 ἑπτα,
1369 920 1479 983 καὶ
1523 917 2064 1009 ἀνακηρυχθῆναι
2092 919 2247 996 τούς
2279 919 2636 1008 στεφάνους

420 1037 520 1093 166
552 1022 845 1111 τήμερον
902 1028 943 1067 ⁴*
998 1022 1368 1098 Διονυσίοις
1417 1022 1773 1111 τραγῳδοῖς
1814 1037 2085 1100 καινοῖς·
2150 1024 2470 1114 (ἀχθῆναι
2511 1023 2636 1115 γὰρ

557 1128 632 1195 δι’
695 1128 900 1195 αὐτὸν
956 1128 1054 1194 δεῖ
1107 1126 1189 1193 τὰ
1235 1125 1615 1205 Διονύσια·)
1683 1125 1825 1193 εἶπε
1880 1125 2006 1211 τῆν
2046 1126 2323 1217 γνώμην
2366 1131 2637 1216 Δημέας

421 1245 520 1299 167
558 1230 595 1298 ὃ
640 1230 876 1319 ῥήτωρ,
944 1227 1256 1320 συγγενής
1300 1229 1501 1297 αὐτοῦ
1552 1229 1877 1321 ἀγχιστεὺς
1921 1235 1963 1272 ⁴*
2008 1234 2112 1297 καὶ
2155 1231 2475 1318 μαθητὴς
2520 1232 2632 1299 ὥν·

558 1424 741 1478 cianus
776 1425 1081 1494 scripserat,
1114 1424 1342 1478 correxi:
1388 1427 1483 1475 καὶ
1515 1422 1584 1495 τῇ
1611 1421 1835 1490 Ἡλιαίᾳ
1882 1431 1975 1476 καὶ
2009 1426 2130 1481 ταῖς
2168 1422 2363 1493 φυλαῖς
2396 1455 2483 1487 -,
2535 1442 2637 1495 quo

559 1510 701 1565 facto
736 1511 934 1580 optime
968 1511 1210 1565 additum
1244 1513 1328 1564 est
1362 1516 1456 1562 καὶ
1490 1513 1608 1566 τοῖς
1645 1506 1860 1578 δήμοις.
1936 1515 1994 1566 at
2028 1511 2261 1566 Cobetus
2296 1514 2362 1567 V.
2383 1513 2444 1567 L.
2464 1530 2515 1582 p.
2536 1513 2639 1567 346

558 1600 770 1651 tantum
803 1596 991 1663 abfuit,
1043 1602 1106 1652 ut
1138 1597 1385 1651 librarios
1432 1600 1720 1662 accusaret,
1773 1601 1836 1651 ut
1877 1599 2009 1652 haec
2051 1599 2117 1652 ab
2164 1599 2398 1652 Lucieno
2445 1602 2640 1652 temere

558 1683 685 1739 ficta
719 1687 774 1738 et
806 1701 1022 1754 prorsus
1057 1685 1244 1754 inepta
1278 1701 1394 1737 esse
1429 1683 1644 1737 diceret.
1720 1701 1847 1739 sane
1879 1687 1938 1739 in
1952 1686 2253 1756 plebiscitis
2289 1685 2488 1754 legitur
2519 1689 2637 1738 tan-

557 1774 674 1825 tum
710 1767 963 1838 δεδόχθω
999 1771 1069 1845 τῇ
1105 1768 1278 1843 βουλῇ
1317 1776 1410 1821 καὶ
1445 1769 1520 1836 τῷ
1563 1766 1739 1836 δήμῳ.
1816 1790 1919 1842 quo
1953 1775 2131 1826 tamen
2175 1772 2329 1826 modo
2374 1773 2637 1826 Lucianus

560 1858 798 1928 loquitur
830 1858 1084 1929 additque
1126 1864 1220 1910 καὶ
1254 1856 1322 1930 τῇ
1349 1853 1579 1923 “Ηλοαι’ᾳ
1614 1862 1707 1908 καὶ
1744 1860 1864 1913 ταῖς
1901 1854 2098 1925 φυλαῖς
2135 1865 2228 1909 καὶ
2263 1859 2381 1914 τοῖς
2417 1854 2634 1925 δήμοις,

562 1945 744 2000 eodem
779 1945 932 2001 modo
967 1947 1166 2000 atficus
1204 1945 1433 2014 scriptor
1466 1944 1614 2014 loqui
1647 1945 1840 2014 potuit,
1874 1944 2021 1998 velut
2036 1945 2273 2014 Eupolis,
2309 1946 2357 1999 si
2376 1946 2493 2016 ipse
2510 1962 2640 2015 quo-

563 2049 664 2101 que
698 2032 1023 2086 adulatorem
1066 2033 1198 2086 haec
1234 2032 1408 2087 dicere
1439 2031 1706 2100 jussisset.
1867 2026 1981 2098 ἰδίᾳ
2018 2032 2176 2104 κοινῇ
2211 2032 2352 2085 πᾶσι
2385 2034 2491 2101 (om
2524 2032 2639 2100 καὶ)

568 2122 631 2180 Ψ,
684 2113 799 2186 ἰδίᾳ
832 2118 970 2171 πᾶσι
1003 2124 1097 2170 καὶ
1132 2118 1289 2192 κοινῇ
1328 2120 1394 2173 R.
1538 2115 1722 2187 παρὰ]
1760 2124 1893 2185 περὶ
1929 2122 1989 2169 Ψ.
2132 2119 2259 2173 libri
2295 2117 2515 2175 ἀκτῖνας
2550 2117 2640 2172 ἐπὶ

561 2205 630 2278 τῇ
667 2203 881 2279 κεφαλῇ
924 2208 1133 2275 praeter
1171 2209 1236 2268 Ο,
1290 2205 1383 2275 qui
1426 2205 1493 2278 τῇ
1547 2205 1750 2258 omittit
1796 2204 1896 2272 (ita
1934 2203 2018 2272 Ο).
2090 2204 2291 2260 frustra
2334 2207 2542 2261 Bekker
2586 2209 2642 2260 et

562 2290 870 2347 Dindorfius
908 2291 1129 2349 ἀκτῖνας
1161 2299 1293 2360 περὶ
1327 2292 1394 2364 τῇ
1432 2290 1667 2365 κεφαλῇ.
1742 2291 1861 2345 vide
1901 2291 1986 2345 vel
2018 2292 2193 2345 locum
2226 2294 2307 2348 De
2343 2293 2498 2362 Syria
2530 2294 2644 2347 Dea

563 2379 710 2447 §322
746 2386 841 2432 καὶ
878 2376 968 2431 ἐπὶ
1002 2378 1070 2452 τῇ
1109 2376 1323 2452 κεφαλῇ
1365 2376 1588 2436 ἀκτῖνάς
1620 2399 1680 2431 τε
1721 2381 1920 2446 φορέει
1936 2408 2023 2431 -.
2099 2396 2277 2433 omnes
2297 2383 2474 2434 autem
2490 2380 2641 2433 libri:

566 2464 788 2523 ἀκτῖνας
835 2464 926 2518 ε’πὶ
968 2466 1036 2539 τῇ
1085 2463 1300 2538 κεφαλῇ
1349 2472 1442 2518 καὶ
1492 2465 1849 2534 στεφανῶσαι
1891 2462 2061 2517 αὐτὸν
2094 2468 2315 2535 χρυσοῖς
2349 2465 2645 2535 στεφάνοις

565 2552 704 2606 ἑπτὰ
741 2559 835 2604 καὶ
873 2583 956 2605 -.
1031 2552 1125 2607 sed
1159 2553 1285 2623 quia
1332 2553 1508 2607 Solem
1552 2556 1756 2607 veteres
1804 2553 1964 2606 etiam
2010 2551 2110 2605 τὸν
2156 2552 2455 2606 ἑπτάκτινα
2501 2552 2645 2606 θεόν

566 2641 816 2695 dicebant
849 2638 1116 2708 (Julianus
1153 2638 1243 2695 Or.
1279 2641 1361 2695 IV
1394 2658 1446 2710 p.
1489 2643 1606 2705 172,
1641 2642 1690 2695 D
1739 2641 1935 2710 aliique
1983 2658 2065 2710 ap.
2115 2642 2341 2696 Lobeck.
2380 2642 2641 2711 Aglaoph.

566 2746 618 2798 p.
660 2726 798 2795 101),
843 2728 962 2782 ideo
997 2744 1178 2782 vocem
1213 2726 1352 2780 ἑπτά
1387 2727 1829 2781 Hemsterhusius
1865 2729 2143 2798 transponi
2175 2728 2368 2783 voluit:
2423 2726 2646 2784 ἀκτῖνας

567 2813 708 2868 ἑπτὰ
744 2812 834 2867 ἐπὶ
869 2814 936 2887 τῇ
956 2811 1169 2887 κεφαλῇ
1205 2819 1298 2865 καὶ
1318 2813 1675 2881 στεφανῶσαι
1712 2811 1881 2866 αὐτὸν
1896 2817 2116 2881 χρυσοῖς
2136 2813 2431 2882 στεφάνοις
2447 2820 2540 2867 καὶ
2557 2843 2642 2869 --.

568 2905 625 2955 at
657 2918 904 2955 numerus
939 2901 1204 2955 radiorum
1239 2901 1398 2955 etiam
1433 2901 1565 2955 alibi
1601 2900 1683 2969 (ut
1717 2903 1797 2956 De
1833 2902 1946 2955 Dea
1981 2901 2096 2970 Syr.
2137 2901 2168 2968 ἓ
2204 2905 2274 2957 32
2311 2904 2366 2956 et
2399 2919 2480 2971 ap.
2501 2902 2642 2956 Pau-

569 2990 772 3043 saniam
805 2990 899 3054 VI,
934 2991 1019 3054 24,
1056 2987 1112 3056 5)
1148 2989 1372 3042 omissus
1409 2991 1507 3042 est.
1582 2991 1637 3042 et
1670 3006 1719 3042 v.
1759 2985 1896 3039 ἑπτά
1941 2991 2004 3050 ut
2036 2992 2161 3058 post
2208 2987 2429 3044 ἀκτῖνας
2464 2988 2646 3042 deesse

568 3079 761 3145 potest,
795 3077 874 3129 ita
888 3077 1014 3145 post
1037 3073 1332 3143 στεφάνοις
1348 3075 1530 3129 deesse
1547 3076 1634 3128 vix
1651 3078 1844 3144 potest.
1898 3076 2057 3128 immo
2093 3075 2379 3129 adulatoris
2396 3092 2647 3144 magnum

569 3179 877 3217 coronarum
909 3179 1185 3216 numerum
1231 3161 1564 3216 decernentis
1614 3162 1774 3216 etiam
1818 3161 1920 3215 hoc
1955 3165 2083 3227 erat,
2129 3165 2223 3216 aut
2255 3179 2530 3216 numerum
2562 3163 2645 3232 ip-

568 3266 690 3304 sum
723 3248 956 3314 definire,
1001 3251 1096 3303 aut
1130 3249 1195 3303 de
1229 3265 1290 3302 eo
1338 3249 1431 3319 qui
1466 3265 1712 3304 coronam
1744 3249 1945 3314 tulerit,
1992 3249 2057 3303 ab
2091 3247 2317 3302 formula
2350 3249 2644 3303 Athenien-

569 3336 710 3389 sium
744 3336 966 3390 solemni
980 3335 1159 3405 χρυσῷ
1200 3334 1452 3403 στεφάνῳ
1491 3353 1599 3390 non
1614 3335 1857 3390 recedere
1893 3335 1987 3389 sed
2019 3353 2126 3389 una
2161 3352 2353 3390 corona
2386 3353 2503 3390 esse
2522 3353 2646 3390 con-

568 3425 792 3477 tentum.
864 3423 1102 3492 plerique
1134 3422 1510 3476 Hemsterhusi
1554 3422 1911 3492 conjecturam
1955 3425 2268 3492 receperunt
2313 3426 2528 3491 excepto
2563 3425 2645 3475 ta-

570 3526 690 3564 men
722 3510 975 3564 Bekkero.
1114 3507 1362 3578 τήμερον
1393 3510 1582 3572 ΩΩΞΡ,
1633 3508 1879 3577 σήμερον
1912 3509 2120 3565 ΑΨΟΒ
2153 3512 2209 3563 et
2240 3528 2287 3564 v.
2426 3509 2554 3563 libri
2584 3512 2648 3562 ut

570 3596 752 3665 vulgo:
790 3592 882 3650 δεῖ
910 3594 1158 3665 τήμερον
1190 3596 1262 3649 τὰ
1297 3594 1565 3650 Διονύσια
1600 3599 1809 3667 praeter
1841 3614 2007 3654 unum
2033 3600 2096 3658 Ο,
2137 3596 2258 3666 qui:
2297 3591 2387 3647 δεῖ
2418 3595 2488 3647 τὰ
2526 3591 2644 3647 διο-

569 3681 730 3736 νύσια
766 3683 1014 3756 τήμερον
1049 3682 1152 3753 (ita
1188 3682 1277 3754 0).
1349 3701 1446 3754 ego
1476 3686 1587 3754 jam
1633 3685 1760 3738 olim
1804 3684 1914 3737 dixi
1956 3684 2047 3737 hic
2079 3699 2259 3737 vocem
2291 3682 2448 3752 plane
2481 3683 2646 3736 inuti-

572 3771 676 3825 lem
708 3769 956 3839 τήμερον
990 3772 1265 3827 delendam
1300 3789 1432 3837 esse,
1466 3775 1529 3825 ut
1562 3771 1698 3824 male
1724 3772 2004 3841 repetitam
2039 3787 2068 3823 e
2103 3769 2487 3839 superioribus:
2527 3788 2644 3821 στε-

576 3855 784 3919 φάνους
815 3856 1062 3928 τήμερον
1097 3858 1203 3928 (vel
1240 3856 1521 3927 σήμερον).
1592 3859 1672 3912 ita
1704 3859 1812 3927 ipsi
1845 3873 1987 3911 nunc
2005 3855 2210 3910 codices
2230 3856 2436 3920 docent,
2471 3856 2645 3925 paullo

572 3947 696 4013 post
743 3942 911 3996 αὐτοῦ
950 3944 1093 4013 (ante
1130 3943 1231 4015 ὤν)
1279 3948 1335 4000 et
1369 3945 1402 4012 ἓ
1439 3947 1506 4001 52
1540 3945 1661 3998 init.
1738 3963 1828 3996 σοι
1875 3942 2019 4011 (ante
2055 3948 2147 3995 καὶ
2192 3942 2292 3995 τὸν
2330 3939 2473 4010 υἱόν)
2519 3944 2648 3997 item

573 4030 707 4084 falso
741 4032 990 4086 iteratum
1023 4032 1205 4087 fuisse.
1362 4030 1616 4102 συγγενὴς
1663 4028 1831 4084 αὐτοῦ
1872 4028 2169 4100 ἀγχιστεὺς]
2210 4032 2548 4100 praepostere
2582 4029 2646 4083 ab

574 4119 691 4188 ipso
726 4119 958 4173 Luciano
996 4117 1248 4188 συγγενής
1282 4119 1522 4174 additum
1563 4136 1678 4172 esse
1713 4118 1948 4173 Cobetus
1983 4119 2048 4172 V.
2087 4117 2148 4171 L.
2184 4134 2234 4186 p.
2271 4120 2375 4173 346
2410 4117 2648 4187 putabat,

575 4205 670 4275 qui
712 4205 980 4260 Ammonii
1022 4209 1362 4276 praeceptum
1405 4206 1737 4261 verissimum
1782 4221 1888 4258 non
1930 4204 2143 4258 videtur
2181 4204 2520 4259 intellexisse.
2592 4207 2649 4257 at

575 4292 954 4348 Valckenarius
986 4293 1095 4362 jam
1124 4294 1334 4362 juvenis
1369 4292 1704 4346 Ammonium
1740 4309 1894 4346 suum
1927 4310 1980 4362 p.
2000 4294 2036 4347 4
2068 4292 2205 4345 bene
2240 4294 2353 4345 erat
2387 4292 2646 4361 interpre-

574 4382 720 4434 tatus
756 4380 1106 4450 docueratque
1143 4381 1236 4450 qui
1269 4380 1324 4435 h.
1348 4379 1384 4434 l.
1423 4378 1656 4433 Luciano
1692 4381 1768 4433 sit
1802 4376 2058 4449 συγγενὴς
2093 4374 2385 4447 ἀγχιστεὺς,
2426 4377 2648 4431 eundem
