3099 5241
523 458 700 513 XXII
1265 460 1363 514 DE
1415 459 1872 514 FRAGMENTIS

525 631 815 718 ἄμουσοι
858 646 995 706 τοῖς
1041 630 1365 720 ὀργάνοις,
1433 633 1589 700 οὔτε
1651 638 1715 699 οἱ
1769 632 2157 701 ἀπαίδευτοι
2215 647 2359 708 ταῖς
2400 632 2615 722 τύχαις

527 734 844 805 δύνανται
891 736 1471 837 συναρ,ιιὸσασθαι,
1546 762 1742 827 quem
1790 741 2070 825 ,Socrati‘
2121 742 2297 808 dedit
2342 741 2617 807 Orellius

525 844 555 910 I
597 865 657 930 p.
708 846 788 910 16
835 843 1122 910 scribens
1166 855 1308 918 ταῖς
1353 841 1695 933 ἀτυχιάις.]

699 1079 1032 1163 Σοφιστοῦ
1109 1103 1287 1153 τινος
1367 1081 1765 1166 αἰτιωμένου
1833 1079 2037 1146 αὐτὸν
2103 1081 2208 1146 καὶ
2276 1081 2613 1169 λέγοντος·

530 1180 633 1247 διὰ
679 1182 744 1247 τί
783 1207 874 1267 με
917 1189 1122 1256 κακῶς
1166 1185 1402 1273 λςέγεις
1475 1185 1577 1250 ὅτι
1619 1182 1718 1272 μὴ
1767 1198 2216 1273 καταφρονεῖς,
2283 1183 2433 1270 ἔφη,
2497 1191 2618 1249 τοῦ

528 1293 734 1359 κακῶς
779 1287 1100 1374 λέγοντος.

702 1393 1030 1457 Antonius
1062 1392 1123 1458 S.
1150 1394 1235 1459 53
1282 1391 1451 1477 Περὶ
1498 1390 1717 1481 ψόγου
1761 1394 1865 1459 καὶ
1914 1394 2223 1479 διαβολῆς
2267 1394 2461 1479 p.79,
2500 1395 2614 1461 19·

542 1491 739 1568 Tenos-
799 1503 1108 1579 σοφιστοῦ
1169 1537 1253 1545 -—
1307 1494 1427 1562 τὸν
1486 1505 1691 1572 κακῶς
1747 1499 2017 1586 λέγοντα
2081 1498 2222 1584 (Sic)
2268 1518 2417 1562 cum
2462 1498 2618 1563 lem-

529 1607 699 1666 mate
769 1601 1168 1685 ,Demonax‘,
1251 1604 1359 1667 cui
1434 1605 1608 1669 favet
1685 1605 1876 1670 etiam
1944 1622 2116 1668 error
2179 1603 2438 1685 librarii,
2508 1603 2622 1688 qui

529 1708 738 1771 lineae
805 1707 1134 1792 proximae
1199 1727 1314 1792 pro
1377 1705 1548 1792 αὐτῷ
1610 1709 1805 1774 verba
1862 1713 1977 1792 ,τῷ
2037 1704 2463 1790 Δημώνακτι(
2521 1709 2622 1771 in-

529 1812 738 1876 trusit.
829 1810 1213 1876 Genetivum
1258 1817 1378 1875 τοῦ
1423 1818 1628 1884 κακῶς
1673 1812 1971 1899 λέγοντος
2006 1812 2280 1878 Orellius
2311 1812 2373 1877 II
2402 1833 2463 1896 Ρ.
2497 1811 2620 1878 146

529 1921 699 1981 recte
758 1914 1111 1980 substituit.
1201 1915 1283 1980 In
1340 1915 1613 1981 Luoiani
1657 1916 2050 1982 Demonacte
2108 1937 2255 1981 oum
2319 1917 2622 2000 sophistis

534 2041 723 2105 saepe
788 2019 1127 2085 Demonax
1192 2023 1462 2103 rixatur,
1530 2028 1606 2086 ut
1676 2024 1713 2105 ξ
1763 2023 1845 2088 12
1913 2043 2005 2107 sq.
2072 2043 2223 2087 oum
2283 2022 2622 2103 FavorinO,
2703 2094 2712 2105 ¹

535 2128 574 2208 ξ
626 2127 706 2191 14
751 2145 903 2189 cum
944 2124 1231 2190 Maximo
1274 2125 1485 2209 Tyrio,
1531 2147 1683 2191 oum
1730 2128 1957 2209 cynico
2007 2129 2045 2209 ἓ
2090 2127 2194 2210 19,
2240 2146 2389 2195 cum
2435 2126 2624 2191 Pere—

533 2232 717 2316 grino
765 2232 802 2313 ξ
848 2231 951 2313 21,
1009 2226 1163 2294 alibi
1207 2231 1311 2296 vel
1355 2252 1505 2296 oum
1551 2232 1893 2317 Apollonio
1939 2232 2044 2298 vel
2086 2232 2360 2298 Herode.
2384 2231 2618 2296 Attico.

1478 2361 1684 2427 XVII.

722 2463 879 2537 Τοῖς
924 2460 1038 2529 ὠσὶ
1083 2465 1285 2530 πλέον
1327 2464 1372 2548 ἢ
1417 2471 1497 2551 τῇ
1541 2463 1788 2552 γλώττῃ
1833 2472 1981 2554 χρῶ.

708 2570 1037 2636 Antonius
1082 2570 1143 2636 S.
1192 2569 1277 2637 95
1322 2569 1491 2654 Περὶ
1535 2569 1978 2658 γλωσσαλγίας
2024 2592 2084 2657 Ρ.
2133 2571 2280 2654 156,
2323 2569 2443 2636 54:
2491 2579 2626 2643 τοῖς

537 2714 621 2723 -
678 2680 801 2760 χρῶ
860 2695 1010 2740 cum
1067 2676 1362 2742 lemmate
1426 2674 1896 2760 ,Demonaotis‘.
1991 2676 2223 2742 Confer
2263 2675 2625 2740 Lucianum

537 2783 609 2845 in
667 2779 1140 2847 Vit.Demon.
1212 2781 1569 2863 §512—
1637 2781 1955 2866 ἐροιιένῳ,
2035 2788 2175 2854 πῶς
2242 2777 2329 2843 ἂν
2396 2776 2625 2862 ἄριστα

541 2882 768 2970 ἄρξαις
837 2880 1180 2969 ἀόργητος,
1257 2881 1380 2969 ἔφη
1453 2890 1563 2968 (sc.
1625 2887 2004 2969 Δημῶναξ,
2076 2882 2185 2949 καὶ
2253 2880 2435 2971 ὀλίγα
2499 2885 2629 2967 μὲν

537 2990 768 3067 λαλῶν,
821 2985 1029 3054 πολλα
1080 2987 1150 3054 δὲ
1196 2985 1475 3055 ἀκούων.

1466 3119 1703 3184 XVIII.
1767 3115 1794 3142 ‘

704 3219 995 3288 Ἑλὰσσω
1073 3220 1236 3288 κακὰ
1319 3219 1687 3311 πάσχουσιν
1755 3225 1821 3289 οἰ
1884 3221 2234 3307 ἄνθρωποι
2299 3218 2433 3285 ὑπὸ
2500 3226 2631 3285 τῶν

542 3331 795 3415 ἐχθρῶν
837 3325 882 3409 ἦ
928 3323 1060 3391 ὑπὸ
1098 3333 1229 3391 τῶν
1259 3326 1491 3411 φίλων·
1540 3324 1696 3402 τούς
1726 3330 1854 3411 μὲν
1881 3325 2005 3415 γὰρ
2038 3323 2322 3454 ἐχθρούς
2347 3322 2630 3399 δεδιότες

543 3426 880 3516 φυλασσοι
882 3453 1011 3507 ται
1059 3442 1196 3503 τοῖς
1243 3431 1313 3497 δὲ
1357 3436 1566 3516 φιλοις
1614 3430 2008 3519 ἀνεῳγμένοι
2055 3433 2174 3498 εἰσι
2222 3456 2326 3495 και
2369 3430 2630 3518 γίγνον·

543 3559 651 3600 ται
699 3535 1003 3617 σφαλεροι
1046 3560 1152 3598 και
1199 3533 1744 3622 εὐεπιβοὺλευτοι.

717 3641 1043 3706 Antonius
1090 3641 1151 3707 S.
1201 3642 1324 3707 137
1371 3640 1541 3727 Περι
1588 3641 1789 3725 φιλων
1832 3648 2196 3728 μοχθηρῶν
2240 3664 2301 3727 Ρ.
2336 3644 2483 3725 217,
2518 3642 2629 3707 19:

547 3740 789 3808 ἐλάσσω
858 3782 942 3793 --
1010 3744 1304 3833 γίνονται
1370 3784 1454 3795 --
1525 3742 2053 3831 εὖεπιβούλευτοι
2122 3766 2270 3811 cum
2325 3748 2632 3811 'lemmate

551 3849 1021 3933 ,Demonaotis‘.
1136 3850 1468 3916 Consentit
1532 3853 1851 3916 Arsenius
1918 3851 2015 3915 ed.
2077 3850 2359 3934 Gotting.
2411 3851 2471 3932 7,
2519 3850 2630 3914 7²:

549 3952 794 4018 ἐλάσσω
854 3993 940 4001 -
997 3952 1294 4041 γίνονται
1353 3994 1438 4003 -·
1499 3951 2045 4039 εὐεπιβούλευιοι.
2156 3951 2626 4039 Δημώνακτος.

549 4059 797 4124 Similia
864 4066 1021 4125 sunt
1088 4060 1257 4124 diota
1321 4061 1770 4145 Aristophanis
1834 4062 1906 4124 in
1962 4058 2221 4124 Avibus
2276 4078 2336 4121 V.
2385 4056 2515 4122 375
2572 4060 2636 4120 et

550 4163 805 4230 Catonis
849 4166 919 4229 in
966 4163 1287 4230 Ciceronis
1330 4164 1544 4230 Laelio
1592 4184 1644 4228 c.
1694 4164 1778 4229 24
1826 4166 1863 4247 ξ
1909 4164 2014 4230 90.

1505 4294 1685 4360 ΧΙΧ.

727 4394 1113 4482 Μυστὴριον
1158 4403 1228 4464 ἐν
1273 4397 1447 4483 φιλίᾳ
1495 4394 1801 4476 ἀκούσας,
1853 4397 2123 4479 ὕστερον
2171 4391 2403 4482 ἐχθρὸς
2446 4387 2637 4482 γενό-
