3099 5241
559 425 814 487 XXXIV
1374 428 1473 484 DE
1524 429 1828 489 LUOIANI

559 621 673 687 per
729 607 954 687 gentes
1011 605 1056 670 J
1057 606 1349 671 oviorum
1410 611 1473 673 et
1513 606 1969 674 Herculiorum
2014 610 2415 693 cognomina,
2481 629 2646 694 quae

560 709 842 791 primum
887 730 927 774 a
968 708 1255 775 Dioclete
1301 729 1376 774 ac
1405 709 1801 776 Maximiano
1846 714 2201 779 insolenter
2242 719 2530 779 assumta
2572 733 2646 778 ac
2753 788 2760 792 ,

560 814 970 896 postmodum
1026 815 1109 880 ad
1167 833 1570 880 successores
1630 835 1851 881 eorum
1905 819 2208 883 translata
2250 820 2644 902 viguerunt?

560 914 808 1002 Nempe
853 918 1087 985 delevit
1131 939 1206 985 ea
1251 919 1552 985 dominus
1597 926 1661 985 et
1705 923 1897 986 erasit
1941 922 2019 989 de
2064 928 2268 988 terra‘.
2354 922 2646 1001 Ceterum

563 1040 757 1106 quem
798 1023 1104 1088 honorem
1159 1029 1253 1088 tot
1306 1025 1718 1108 imperatores
1771 1025 2011 1092 frustra
2066 1029 2535 1112 expetiverunt,
2590 1029 2645 1092 is

560 1126 765 1193 honos
820 1129 1112 1193 omnium
1168 1131 1591 1195 consensione
1649 1131 1817 1194 ultro
1864 1132 2132 1216 contigit
2184 1131 2317 1197 filio
2363 1131 2647 1214 bubulci,

444 1285 448 1290 .
563 1232 865 1315 SostratO,
907 1229 1190 1315 BoeotiO,
1235 1233 1315 1297 de
1360 1253 1489 1318 quo
1533 1233 1576 1296 l.
1622 1234 1664 1297 l.
1710 1235 1801 1299 ita
1844 1234 2173 1301 Lucianus
2219 1239 2500 1322 scripsit:
2571 1234 2645 1299 ὃν

544 1332 887 1419 Ἠρακλέα
948 1339 1010 1400 οἱ
1055 1336 1358 1418 ’Έλληνες
1414 1334 1686 1401 ἐκάλουν
1741 1338 1846 1401 καὶ
1893 1336 2093 1416 ᾤοντο
2144 1337 2331 1404 εἶναι.
2430 1339 2646 1417 Quum

558 1446 774 1509 tamen
834 1442 944 1506 alii
997 1443 1405 1527 imperatores
1459 1443 1638 1508 hunc
1682 1444 1786 1508 vel
1843 1445 2119 1517 similem
2174 1447 2479 1511 honorem
2525 1444 2649 1510 sibi

559 1548 630 1611 in
676 1546 886 1615 medio
926 1549 1208 1631 positum
1239 1548 1691 1613 contemserint
1720 1549 1818 1611 uti
1848 1547 2289 1633 Vespasianus
2334 1552 2457 1634 (ap.
2492 1549 2648 1614 Sue-

559 1653 811 1721 tonium
859 1670 913 1716 c.
965 1652 1095 1749 12),
1137 1651 1447 1735 TraJanus
1493 1656 1557 1717 et
1602 1653 1718 1736 qui
1762 1651 2036 1717 Veneris
2082 1674 2152 1718 se
2190 1655 2407 1720 radice
2454 1674 2648 1738 quam

558 1755 862 1823 Herculis
904 1757 1197 1840 genitum
1238 1758 1469 1825 maluit
1514 1755 1580 1820 O.
1614 1756 1855 1839 Julius,
1903 1762 1966 1822 et
2007 1758 2381 1825 Hadrianus
2409 1757 2649 1840 ,Olym-

559 1863 726 1947 pius‘
784 1867 847 1927 et
900 1859 1341 1927 Diocletianus
1399 1862 1458 1944 ,J
1460 1861 1704 1929 ovius‘:
1777 1863 2138 1927 cavendum
2199 1867 2297 1929 est
2353 1881 2437 1927 ne
2496 1862 2649 1926 huic
2703 1858 2714 1867 “

558 1967 810 2031 nomini
863 1965 1010 2050 plus
1056 1967 1232 2048 justo
1286 1966 1624 2031 tribuatur.
1729 1965 1909 2031 Certe
1964 1965 2315 2050 Lucianus,
2371 1985 2648 2050 magnus

562 2071 1093 2156 superstitionum
1150 2090 1295 2135 osor
1354 2075 1493 2135 tum
1548 2071 1617 2134 id
1676 2090 1935 2155 quoque
1994 2077 2235 2156 egerat,
2306 2076 2381 2137 ut
2435 2073 2649 2136 virum

563 2195 756 2261 quem
824 2175 962 2241 dixi
1028 2194 1180 2240 vero
1245 2177 1506 2241 nomine
1574 2174 1951 2257 Sostratum,
2016 2196 2252 2260 genere
2306 2177 2645 2243 Boeotium

561 2281 828 2347 minime
896 2280 1252 2346 semideum
1319 2279 1431 2344 sed
1494 2280 1820 2343 hominem
1897 2280 2098 2346 fuisse
2169 2282 2643 2346 demonstraret.
2745 2312 2750 2321 ·

560 2383 903 2451 Neminem
956 2389 1171 2453 autem
1228 2383 1415 2477 fugit,
1475 2403 1698 2450 omnes
1755 2404 2136 2469 magnarum
2196 2388 2435 2450 virium
2456 2435 2472 2468 ,
2533 2385 2647 2469 qui

559 2490 861 2556 fecissent
902 2489 1162 2571 fortiter,
1205 2473 1515 2577 Herculis·
1552 2490 1813 2554 nomine
1850 2494 2109 2555 vocatos
2130 2510 2315 2573 esse,
2358 2490 2427 2556 id
2474 2489 2648 2573 quod
2717 2548 2721 2551 ,

561 2615 597 2661 e
639 2594 930 2660 Varrone
988 2599 1053 2662 et
1110 2593 1251 2658 aliis
1296 2592 1559 2662 Servius
1614 2592 1701 2672 ad·
1737 2593 1930 2678 Verg.
1977 2594 2141 2662 Aen.
2187 2594 2359 2678 VIII,
2399 2595 2528 2662 203
2584 2598 2648 2660 et

566 2700 649 2768 ad
691 2720 753 2766 V.
801 2700 931 2767 564
974 2698 1252 2781 tradidit,
1297 2704 1493 2783 atque
1538 2698 1695 2763 adeo
1742 2700 1837 2781 (ut
1878 2697 2079 2763 Taciti
2120 2700 2334 2765 verbis
2377 2702 2450 2764 in
2496 2699 2648 2764 Ger-

561 2806 777 2873 mania
831 2824 885 2869 c.
933 2804 1020 2871 34
1077 2804 1247 2889 utar)
1306 2803 1626 2887 quidquid
1685 2801 1930 2886 ubique
1986 2804 2406 2889 magnificum
2464 2809 2648 2886 esset,

564 2910 645 2974 ad
698 2909 998 2977 Herculis
1058 2909 1403 2977 claritatem
1460 2908 1733 2972 relatum
1792 2927 1949 2973 esse.
2056 2907 2266 2985 Quare
2319 2908 2646 2974 Lucianus

565 3014 921 3082 Sostratum
990 3033 1249 3099 quoque
1335 3014 1521 3098 quasi
1593 3012 1918 3097 quendam
1982 3013 2330 3080 Herculem
2405 3016 2652 3080 fortiter

560 3120 788 3186 fecisse
854 3105 1214 3185 ostenderat
1279 3124 1342 3183 et
1404 3118 1596 3188 laude
1665 3119 1937 3202 dignum
2012 3118 2213 3184 fuisse
2279 3125 2474 3204 atque
2538 3121 2649 3194 ad-

563 3224 919 3302 miratione,
983 3228 1059 3290 ut
1123 3224 1448 3290 hominem
1517 3221 1775 3287 scilicet.
1888 3223 2120 3308 Itaque
2179 3243 2261 3289 ne
2318 3223 2647 3288 Lucianus

567 3328 828 3413 quidem
871 3327 1326 3411 impedimento
1370 3324 1513 3409 fuit,
1562 3328 1724 3411 quin
1771 3328 1849 3392 de
1894 3327 2174 3394 Sostrate
2217 3330 2443 3395 tritum
2485 3329 2647 3394 fflud

531 3428 785 3509 ’,ἄλλος
831 3422 1023 3503 οὗτος
1064 3426 1436 3512 Ἡρακλῆς(
1481 3431 1681 3515 vulgo
1726 3431 1952 3497 Graeci
1996 3439 2413 3517 usurparent:
2476 3433 2649 3518 quod

561 3536 969 3622 proverbium
1031 3555 1226 3619 quam
1278 3536 1414 3602 vim
1472 3535 1786 3618 habuerit,
1846 3535 2231 3602 Plutarchus
2285 3539 2353 3602 in
2409 3538 2647 3603 Theseo

564 3661 617 3706 c.
666 3643 753 3707 29
816 3660 993 3707 unus
1059 3641 1293 3724 optime
1360 3640 1719 3704 declaravit.
1831 3639 2001 3705 Nam
2069 3642 2150 3707 de
2212 3642 2322 3708 illo
2387 3642 2457 3706 id
2523 3641 2662 3728 dici‘

566 3744 824 3828 solebat,
882 3745 996 3829 qui
1054 3745 1407 3828 ‚hominum
1446 3745 1881 3827 juvandorum
1928 3766 2123 3812 causa
2168 3746 2343 3812 solus
2390 3766 2465 3812 ac
2510 3748 2648 3813 sine

561 3850 695 3916 ullo
750 3850 920 3915 socio
973 3868 1243 3933 magnos
1284 3848 1534 3924 labores
1580 3850 2009 3916 exantlasset‘.
2120 3848 2306 3927 Quod
2350 3853 2483 3916 nisi
2526 3852 2649 3916 hoc

566 3937 810 4021 dictum
874 3954 944 4020 in
1010 3954 1303 4020 homines
1370 3959 1467 4018 sat
1530 3956 1771 4020 multos
1838 3956 2235 4039 conveniret,
2312 3955 2451 4021 fieri
2514 3975 2648 4022 non

562 4061 895 4145 potuisset,
940 4063 1013 4123 ut
1053 4077 1157 4124 res
1199 4060 1269 4126 in
1317 4063 1445 4122 tam
1489 4064 1907 4143 pervagatum
1963 4059 2164 4126 abiret
2219 4059 2648 4156 proverbium.

494 4197 511 4216 ο
567 4163 790 4230 Unum
835 4164 1096 4230 omnino
1142 4164 1274 4229 scio
1321 4163 1530 4245 heroa,
1578 4163 1656 4230 de
1689 4182 1817 4248 quo
1861 4164 1950 4227 id·
1973 4161 2158 4248 (teste
2201 4169 2448 4249 praeter
2491 4165 2647 4230 alios

563 4267 904 4333 Plutarcho
970 4269 1012 4333 l.
1071 4268 1142 4355 l.)
1210 4268 1454 4334 dictum
1523 4269 1637 4352 sit,
1702 4269 2049 4356 Theseumj
2130 4275 2408 4334 caeteros
2474 4271 2648 4336 enim

561 4372 854 4439 homines
895 4374 1100 4439 fuisse
1145 4373 1298 4438 satis
1329 4372 1675 4439 constabat.
1747 4372 1873 4437 Sed
1902 4371 2254 4457 LucianuS‚
2295 4378 2371 4438 ut
2402 4375 2648 4460 opinor,
