3099 5241
522 435 622 491 LII
1337 436 1435 492 DE
1488 437 1792 493 LUOIANI

524 608 715 676 εἶπον
757 611 907 697 περὶ
953 618 1163 677 θεῶν(
1206 615 1491 699 speciose
1538 613 1618 678 ab
1665 615 1903 679 criticis
1932 613 2331 696 Hieronymo
2360 613 2609 678 Rhodio

522 717 806 783 tributus
852 724 966 783 est.
1056 719 1219 784 Tum
1268 719 1344 783 de
1391 717 1625 803 Orphei
1669 719 1832 783 libro
1867 715 2265 802 Κατάρἀσις
2313 719 2401 789 εἰς
2449 715 2613 801 ᾅδου

525 823 787 886 omnino
833 824 1010 888 varia
1052 823 1413 888 traduntur.
1508 822 1802 889 Clemens
1849 825 2024 887 enim
2069 823 2256 887 AleX.
2304 821 2531 886 Strom.
2579 822 2610 886 I

523 946 586 1011 p.
635 928 764 992 333
827 928 923 993 ed.
972 928 1144 1010 Sylb.
1199 929 1375 992 hunc
1435 928 1675 993 librum
1735 928 1815 993 ab
1876 929 2018 992 aliis
2073 927 2343 991 Prodico
2400 926 2612 990 Samio

524 1036 586 1095 et
630 1030 708 1095 ab
739 1030 1027 1117 Epigene
1060 1032 1324 1116 Cercopi
1353 1031 1752 1117 Pythagoreo
1797 1032 2206 1116 adsignatum
2239 1051 2376 1096 esse
2405 1030 2612 1108 tradit,

524 1133 613 1219 (et
660 1136 738 1201 de
786 1136 1059 1222 Cercope
1105 1141 1291 1201 antea
1337 1135 1553 1201 Cicero
1598 1137 1696 1202 De
1739 1137 1884 1202 Nat.
1932 1136 2011 1201 D.
2045 1137 2097 1219 1,
2143 1139 2226 1203 38
2270 1134 2442 1201 idem
2484 1136 2611 1200 fere

522 1241 822 1326 prodidit)
890 1241 1125 1306 Suidas
1193 1245 1409 1305 autem
1477 1262 1526 1305 s.
1586 1237 1867 1325 Ὀρφεύς
1936 1242 2015 1306 ab
2084 1242 2225 1306 aliis
2291 1240 2611 1306 Herodico

523 1343 848 1431 (Prodico)
915 1345 1267 1429 PerinthiO,
1335 1345 1414 1409 ab
1481 1347 1625 1411 aliis
1695 1345 1944 1431 Orpheo
2014 1345 2443 1411 Camarinaeo.
2533 1344 2613 1409 In

523 1449 645 1514 hac
690 1449 1089 1516 dissensione
1133 1456 1300 1516 certe
1331 1455 1597 1515 cautum
1627 1455 1743 1533 est,
1786 1471 1870 1516 ne
1904 1453 2050 1536 quis
2081 1451 2161 1516 ab
2193 1453 2313 1515 hoc
2339 1450 2613 1535 Cercope

526 1554 608 1619 ad
653 1556 995 1639 antiquum
1041 1555 1226 1619 illum
1272 1556 1547 1639 epicum,
1611 1555 1951 1641 Cercopem
1994 1556 2321 1621 Milesium
2368 1555 2613 1619 aberret

524 1664 718 1743 atque
803 1660 955 1724 huic
1021 1660 1125 1724 vel
1193 1658 1427 1744 Orphei
1506 1660 1745 1724 librum
1815 1657 2210 1742 Καιάβασις
2279 1660 2380 1724 vel
2457 1659 2611 1723 adeo

523 1763 793 1828 Homeri
859 1764 921 1828 Ν
923 1767 1150 1846 ecyian
1216 1764 1523 1830 tributam
1587 1765 1790 1831 fuisse
1855 1765 2075 1849 fingat.
2166 1764 2251 1830 Et
2318 1764 2613 1849 quamvis

527 1868 848 1954 Orphicus
894 1869 1165 1954 Cercops
1210 1870 1652 1954 Pythagoreus
1694 1872 1897 1936 fuisse
1944 1872 2212 1952 dicatur,
2270 1874 2487 1934 tamen
2530 1887 2613 1931 ne

523 1974 646 2038 hoc
694 1974 955 2058 quidem
1001 1974 1140 2039 fieri
1182 1993 1369 2059 posse
1413 1976 1684 2058 videtur,
1740 1981 1815 2040 ut
1869 1977 2024 2039 huic
2071 1975 2330 2059 Cercopi
2375 1973 2615 2055 Pytha·

523 2098 712 2161 gorae
791 2075 1214 2162 Κατάβασις,
1315 2080 1429 2162 qui
1512 2080 1675 2144 liber
1748 2081 1912 2144 nihil
1983 2080 2291 2145 habuerat
2361 2079 2612 2164 generis

527 2182 817 2267 Orphici,
893 2185 1263 2269 imputetur.
1375 2183 1544 2248 Nam
1623 2186 1868 2269 alioqui
1934 2184 2329 2270 Pythagoras
2396 2189 2614 2267 postea

523 2308 660 2352 non
715 2290 934 2353 minus
990 2309 1185 2374 quam
1240 2288 1570 2370 mythicus
1623 2290 1747 2353 iste
1793 2288 2086 2374 Orpheus
2129 2292 2200 2352 in
2244 2289 2616 2374 praestigia-

521 2390 723 2457 torem
767 2398 962 2477 atque
1003 2395 1075 2457 in
1120 2415 1383 2479 magum
1428 2394 1915 2459 transformatus
1960 2399 2088 2478 est,¹
2141 2394 2220 2456 de
2267 2414 2394 2477 qua
2434 2412 2505 2456 re
2550 2397 2614 2455 et

527 2495 860 2562 Lucianus
916 2499 986 2562 in
1030 2498 1219 2564 Alex.
1269 2518 1320 2563 c.
1369 2500 1412 2562 4
1460 2499 1626 2562 dixit
1671 2506 1733 2564 et
1774 2498 2136 2564 Lobeckius
2179 2500 2251 2562 in
2296 2497 2608 2582 Aglaoph.

525 2623 590 2687 p.
638 2603 768 2668 235
814 2623 953 2687 sqq.
1016 2604 1310 2688 pluribus
1367 2605 1683 2688 exposuit.
1775 2604 1951 2669 Hinc
2005 2603 2305 2669 nonnulli
2358 2607 2614 2667 auctore

525 2706 815 2773 Varrone
859 2729 958 2793 ap.
1007 2710 1353 2793 Augustin.
1399 2708 1497 2774 De
1544 2709 1675 2774 civ.
1722 2709 1844 2776 Dei
1879 2711 1924 2771 V
1933 2710 2016 2794 Π,
2054 2712 2139 2776 35
2182 2709 2615 2774 necromantia

525 2812 933 2901 Pythagoran
964 2833 1157 2877 usum
1184 2813 1385 2880 fuisse
1416 2820 1934 2897 commemorant,
1978 2816 2132 2878 hinc
2172 2835 2348 2879 unus
2379 2814 2614 2878 alterve

524 2918 1008 3003 psychomantis
1118 2920 1189 2982 in
1293 2919 1841 3005 Pythagoreorum
1950 2940 2221 2985 numero
2324 2919 2610 2982 habetur.

529 3021 775 3099 Quodsi
821 3023 899 3087 de
942 3024 1064 3088 isto
1099 3022 1337 3109 Orphei
1383 3024 1544 3088 libro
1580 3021 1970 3108 Κατάβασις
2014 3025 2311 3088 hariolari
2354 3041 2614 3088 necesse

526 3132 643 3209 est,
705 3128 1036 3192 commode
1091 3128 1313 3193 saltem
1372 3128 1663 3211 finxeriS,
1730 3148 1846 3213 per
1890 3127 2216 3213 Orpheum
2272 3128 2364 3191 ibi
2425 3129 2616 3210 (sicut

528 3253 627 3317 ap.
678 3230 986 3296 Ovidium
1028 3233 1098 3295 in
1144 3232 1397 3298 Metam.
1444 3234 1525 3317 X,
1572 3236 1652 3300 51
1705 3235 1871 3318 sqq.)
1928 3232 2299 3314 Eurydicen
2345 3252 2613 3296 uxorem

528 3337 607 3401 ab
654 3337 875 3401 inferis
920 3356 1124 3420 paene
1166 3337 1494 3402 reductam
1540 3338 1756 3403 fuisse.
1847 3337 2077 3421 ltaque
2132 3345 2361 3402 neuter
2402 3355 2616 3420 neque

526 3440 922 3525 Pythagoras
988 3461 1202 3525 neque
1259 3441 1551 3528 Orpheus
1617 3446 1688 3509 in
1747 3463 1865 3508 suo
1930 3441 2298 3525 ,Descensu‘
2355 3441 2434 3505 ab
2477 3441 2615 3504 Ho-

528 3548 763 3611 merica
792 3545 1040 3626 Necyia
1081 3550 1378 3631 suspensi
1407 3549 1608 3614 fnisse
1641 3549 1964 3631 videntur,
2008 3547 2089 3611 ad
2123 3567 2316 3630 quam
2348 3546 2615 3611 eandem

528 3671 598 3716 se
657 3670 831 3715 more
890 3671 1008 3715 suo
1068 3654 1302 3736 partim
1360 3652 1684 3737 Vergilius
1751 3652 2261 3717 adcommodavit
2320 3650 2612 3734 (Aeneid.

530 3757 640 3838 vl,
674 3756 799 3822 237
842 3758 1029 3840 sqq),
1074 3756 1190 3822 ubi
1232 3759 1489 3824 Aeneas
1533 3757 1818 3839 Sibyllae
1864 3758 2116 3821 monitu
2162 3756 2492 3821 descendit
2534 3754 2617 3819 ad

527 3863 769 3928 inferos
812 3862 1295 3948 Anchisemque
1361 3869 1604 3948 patrem
1666 3863 1966 3927 consulit.
2070 3862 2320 3947 Tragici
2380 3866 2615 3943 autem,

531 3968 687 4032 dum
723 3968 945 4050 jocum
986 3966 1300 4032 incolumi
1343 3969 1653 4052 gravitate
1697 3972 1963 4050 tentant,
2006 3967 2333 4031 interdum
2364 3966 2444 4030 ad
2476 3985 2614 4029 eam

527 4090 661 4137 rem
733 4072 1047 4137 descensu
1113 4072 1195 4136 ad
1260 4073 1496 4138 inferos
1561 4071 1888 4157 rebusque
1955 4073 2221 4156 magicis
2277 4071 2383 4135 usi
2442 4075 2615 4148 sunt,

529 4177 851 4261 siquidem
894 4183 959 4241 et
1000 4177 1312 4259 Aeschyli
1364 4176 1575 4260 Κίρκη
1635 4177 2055 4261 ejusdemque
2107 4176 2396 4260 Σίσυφος
2457 4174 2616 4257 δρα-

527 4284 730 4364 πέτης
808 4287 871 4346 et
947 4281 1277 4367 Sophoclis
1346 4277 1677 4364 ‘H9anar59
1760 4283 1865 4346 ἐπὶ
1945 4277 2247 4363 Ταινάρῳ
2331 4281 2617 4345 dramata

527 4386 795 4453 fuerunt
832 4387 1123 4467 satyrica.
1216 4384 1406 4469 Quid,
1439 4387 1612 4471 quod
1634 4387 2094 4472 Aristophanes
2121 4387 2327 4471 ipsam
2351 4383 2616 4452 Homeri
