3099 5241
509 435 608 491 CX
1305 433 1403 486 DE
1455 432 1783 488 NUMERIS

507 612 698 676 heroo
755 615 869 676 aut
925 628 1169 695 paeane
1226 628 1347 674 suo
1406 610 1504 673 uti
1564 608 1822 674 licebit‘.
1915 609 2211 675 Ceterum
2253 610 2320 672 hi
2365 608 2595 672 latino-

504 736 652 780 rum
732 717 1114 800 scriptorum
1196 733 1438 778 errores
1505 732 1541 778 e
1608 716 1935 779 communi
2016 715 2190 779 fonte
2257 718 2592 779 auctorum

506 826 849 885 manarunt
890 839 1285 905 graecorum,
1348 820 1462 902 qui
1515 820 1605 883 ita
1660 821 1874 903 potius
1926 819 2053 904 legi
2108 819 2462 900 voluerant,
2518 821 2592 882 ut

497 926 818 1009 judicium
884 925 1236 1008 cognitioni
1301 943 1385 989 ne
1440 930 1890 1008 praecurreret.
1992 923 2118 988 Sed
2176 929 2250 988 ut
2305 923 2385 988 ad
2445 922 2591 987 libri

505 1032 702 1114 aurei,
748 1032 855 1095 eui
899 1049 1131 1094 nomen
1178 1033 1276 1093 est
1323 1026 1582 1111 ,Orator‘
1631 1048 1897 1112 magnas
1942 1029 2210 1094 virtutes
2251 1033 2590 1110 transeam,

503 1155 717 1220 neque
772 1135 946 1199 ullus
1003 1135 1259 1198 illorum
1320 1152 1606 1197 errorum
1665 1134 1746 1197 ad
1806 1135 2096 1218 linguam
2140 1133 2408 1197 refertur
2449 1133 2591 1199 lati·-

502 1261 677 1322 nam,
742 1259 954 1324 neque
1020 1236 1121 1321 (ut
1184 1243 1353 1302 recte
1426 1236 1865 1313 Quintilianus
1929 1237 2052 1321 IX,
2117 1237 2183 1321 4,
2254 1239 2312 1318 1)
2380 1237 2591 1301 ullum

504 1364 667 1429 opus
713 1343 1003 1409 Ciceroni
1058 1343 1264 1427 magis
1323 1342 1718 1406 elaboratum
1774 1349 1871 1407 est
1915 1343 2036 1406 hoe
2079 1343 2220 1426 ipso
2271 1341 2588 1425 ,Oratoris‘

501 1448 642 1513 loco
710 1449 788 1513 de
855 1448 1331 1531 compositione.
1438 1446 1705 1530 Scripsit
1759 1453 1973 1512 autem
2032 1447 2190 1511 haec
2248 1451 2376 1511 tam
2436 1445 2589 1510 sub·

501 1553 694 1618 tiliter
735 1558 996 1637 tamque
1042 1551 1341 1616 adcurate
1386 1570 1593 1634 quum
1648 1550 1958 1616 lectorum
2001 1553 2203 1635 gratia
2243 1553 2339 1616 rei
2380 1551 2588 1635 ipsius

501 1658 947 1742 magnitudine
989 1655 1323 1737 adductae,
1377 1659 1519 1719 tum
1579 1656 1770 1720 etiam
1816 1657 1922 1720 sui
1968 1655 2349 1721 defendendi
2394 1673 2589 1718 causa

502 1762 583 1827 ab
651 1761 879 1844 Calvo,
957 1760 1159 1825 Bruto
1235 1761 1375 1844 ipso
1455 1765 1518 1825 et
1584 1761 1728 1823 aliis
1794 1759 2145 1825 lacessitus,
2256 1758 2347 1822 Hi
2412 1759 2586 1823 enim

499 1867 782 1932 Tullium
827 1865 1111 1930 solutum
1156 1869 1219 1929 et
1263 1883 1585 1947 enervem,
1628 1866 1782 1929 item
1828 1866 2100 1930 fractum
2146 1870 2339 1949 atque
2382 1864 2586 1931 elum-

500 1971 647 2037 bem
703 1990 841 2035 esse
898 1969 1350 2053 loquebantur,
1410 1974 1611 2034 semet
1666 1971 1841 2054 ipsos
1894 1988 2046 2035 vero
2093 1971 2315 2034 atticos
2361 1974 2425 2033 et
2466 1969 2586 2035 uni

497 2074 732 2158 Lysiae
798 2075 1037 2139 similes
1103 2074 1229 2137 dici
1295 2072 1643 2158 haberique
1701 2074 2066 2158 cupiebant.
2167 2073 2377 2139 Iidem
2432 2092 2584 2138 vero

501 2179 862 2261 adversarii,
919 2184 995 2243 ut
1049 2183 1146 2243 est
1201 2177 1372 2261 apud
1415 2178 1699 2243 Tullium
1740 2178 1781 2242 l.
1828 2179 1869 2241 l.
1918 2198 1969 2242 c.
2015 2178 2139 2262 54,
2180 2179 2469 2243 numeris
2511 2179 2584 2242 in

501 2284 784 2348 oratione
843 2281 1161 2347 utendum
1219 2301 1359 2346 esse
1416 2285 1679 2347 omnino
1737 2282 2073 2367 negabant.
2171 2282 2421 2371 Nempe
2477 2282 2583 2349 isti

497 2408 630 2452 non
673 2387 878 2452 Tullio
924 2386 1161 2451 bellum
1207 2386 1599 2470 indixerant,
1656 2388 1768 2453 sed
1822 2388 2158 2472 periodum
2200 2387 2581 2468 Tullianam,
2694 2446 2699 2449 .

496 2494 752 2577 insigne
812 2492 1009 2557 decus
1064 2491 1465 2574 eloquentiae
1520 2492 1760 2557 latinae
1818 2496 2100 2558 evertere
2162 2492 2578 2557 conabantur.

498 2595 596 2662 De
665 2616 795 2681 qua
857 2615 927 2662 re
992 2615 1075 2661 ne
1143 2596 1291 2680 quis
1359 2595 1627 2682 dubitet,
1694 2614 2000 2663 numerus
2061 2598 2371 2663 oratorius
2429 2615 2578 2666 cum

494 2702 756 2787 periodo
800 2707 930 2766 tam
975 2706 1143 2767 arcte
1188 2701 1499 2786 cohaeret,
1560 2708 1635 2768 ut
1677 2703 1758 2767 ab
1804 2703 1997 2768 altero
2043 2703 2315 2767 alterum
2360 2701 2580 2768 divelli

496 2808 627 2871 nisi
669 2826 820 2872 cum
863 2807 1204 2890 utriusque
1257 2808 1539 2889 pernicie
1584 2827 1718 2871 non
1762 2809 1981 2892 possit.
2074 2806 2243 2871 Nam
2287 2806 2473 2872 ambo
2518 2811 2582 2871 et

496 2932 630 2977 uno
709 2918 992 2995 tempore
1073 2910 1152 2974 ab
1222 2910 1478 2976 Graecis
1559 2914 1841 2996 primum
1906 2914 2203 2995 inventa,
2283 2916 2346 2977 et
2410 2912 2581 2976 sicut

495 3016 868 3081 Aristoteles
911 3017 980 3079 in
1025 3014 1281 3080 Rhetor.
1322 3015 1444 3099 III,
1482 3018 1522 3082 9
1571 3018 2048 3100 demonstravit,
2091 3016 2369 3084 naturali
2411 3017 2581 3080 inter

495 3141 565 3186 se
630 3120 891 3184 vinculo
963 3121 1190 3203 juncta
1266 3119 1587 3206 planeque
1666 3126 1996 3204 concreta,
2077 3126 2140 3185 et
2205 3120 2286 3185 ab
2353 3120 2577 3185 eodem

493 3225 773 3290 Isocrate
828 3244 963 3289 una
1006 3223 1194 3288 ambo
1239 3224 1513 3308 perfecta
1558 3231 1727 3290 sunt.
1819 3223 1948 3288 Hic
1993 3230 2229 3310 autem,
2286 3229 2361 3290 ut
2413 3224 2578 3289 bene

491 3330 740 3394 Tullius
784 3329 824 3392 l.
872 3330 915 3393 l.
965 3347 1018 3391 c.
1066 3328 1173 3410 61,
1241 3346 1315 3391 ea
1375 3330 1967 3414 circumscriptione
2022 3330 2248 3412 utitur,
2308 3334 2382 3393 ut
2435 3333 2576 3393 tan-

496 3454 690 3519 quam
748 3435 819 3497 in
876 3431 1024 3497 orbe
1083 3433 1334 3496 inclusa
1389 3439 1601 3499 currat
1646 3435 1865 3516 orati0,
1927 3434 2141 3518 quoad
2185 3435 2255 3498 in
2300 3434 2576 3518 singulis

494 3539 827 3604 sententiis
871 3535 1181 3601 absolutis
1210 3537 1477 3602 insistat.
1556 3538 1710 3604 Post
1740 3538 2109 3604 Ciceronem
2140 3557 2289 3604 vero
2320 3539 2575 3604 labente

492 3644 825 3728 paullatim
883 3641 1249 3726 eloquentia
1305 3641 1505 3706 latina
1548 3643 1753 3726 primo
1799 3645 2051 3709 numeri
2097 3645 2198 3708 vis
2245 3643 2576 3728 depravari

493 3752 715 3832 coepta
758 3752 874 3830 est,
920 3746 1151 3811 deinde
1194 3765 1296 3810 ars
1338 3747 1587 3830 periodi
1630 3748 1835 3832 magis
1876 3748 2213 3832 magisque
2256 3753 2574 3832 corrupta,

490 3856 806 3936 postremo
861 3850 1125 3935 periodo
1184 3871 1319 3915 una
1375 3870 1525 3915 cum
1583 3870 1852 3917 numero
1898 3851 2149 3917 sublata
2193 3852 2381 3917 ambo
2424 3852 2574 3916 fun-

494 3955 667 4020 ditus
695 3956 1089 4020 interierunt.
1165 3956 1328 4020 Tum
1358 3975 1508 4020 vero
1546 3975 1770 4022 omnes
1800 3957 1880 4021 ad
1910 3958 2235 4022 nascentis
2265 3959 2573 4023 orationis

487 4060 649 4124 rude
690 4061 951 4125 initium
995 4060 1267 4125 revoluti
1312 4065 1507 4125 erant.
1600 4059 1888 4137 Quorum
1927 4061 2037 4126 alii
2068 4062 2256 4146 eique
2287 4064 2571 4127 saniores

490 4163 869 4246 (Aristotelis
913 4165 983 4228 in
1027 4164 1284 4230 Rhetor.
1317 4163 1434 4247 ΙΙΙ,
1467 4167 1509 4232 9
1553 4165 1818 4230 fortasse
1863 4167 2196 4247 memores)
2243 4165 2323 4229 ad
2367 4166 2593 4231 Hero--

490 4267 748 4332 doteum
804 4267 1060 4332 dicendi
1113 4288 1324 4353 genus
1381 4267 1800 4354 refugiebant,
1860 4290 1991 4354 quo
2038 4270 2284 4335 Graeci·
2308 4289 2569 4354 quoque

486 4372 768 4457 primum
811 4390 1031 4436 omnes
1079 4373 1180 4437 usi
1221 4373 1507 4437 fuerant:
1556 4374 1664 4438 alii
1708 4379 1784 4439 ut
1827 4375 2001 4459 apud
2031 4374 2306 4439 Graecos
2338 4375 2587 4438 Asiani.
