3099 5241
961 401 1088 480 ’1111
1140 422 1468 483 1161111616
1518 422 2024 480 monstramus.
2247 422 2549 479 Lxxxm

460 600 699 668 Blassii
759 607 823 668 et
867 601 1261 668 Volkmanni
1316 601 1396 667 ab
1456 601 1644 667 nobis
1705 601 2095 666 mentionem
2151 600 2384 665 factam
2450 620 2548 666 re-

458 708 664 792 periet
705 708 775 772 in
824 709 1357 772 commentatione
1389 707 1601 772 altera.
1692 707 1875 771 Prior
1904 707 2078 770 enim
2112 725 2308 790 quam
2339 706 2549 783 adhuc

465 813 663 878 solam
708 812 881 878 edidi
918 833 1073 879 sane
1111 835 1166 879 a.
1199 813 1366 879 1875
1399 813 1660 877 demum
1703 811 1916 876 lucem
1960 811 2141 895 vidit,
2189 813 2299 876 sed
2343 810 2548 877 multo

462 917 641 1002 prius
703 919 937 1003 scripta
994 923 1111 1001 est,
1173 939 1369 1003 quam
1429 917 1557 982 duo
1618 917 1714 981 illi
1774 916 1921 982 libri
1978 916 2191 981 Blassi
2246 922 2309 981 et
2350 915 2550 981 Volk-

461 1023 686 1087 manni
738 1023 1227 1089 innotescerent.
1327 1022 1492 1087 Nam
1554 1043 1759 1108 quum
1814 1023 2183 1088 adolescens
2243 1042 2278 1086 e
2322 1021 2548 1086 Photio

460 1128 532 1191 in
600 1125 899 1192 Biblioth.
969 1127 1106 1193 cod.
1181 1129 1303 1193 128
1383 1127 1756 1192 didicissem
1837 1128 2123 1192 numeris
2187 1126 2550 1192 Lucianum

470 1230 772 1296 dulcibus
846 1252 1043 1297 usum
1124 1251 1296 1297 esse:
1387 1234 1456 1296 in
1532 1233 1709 1296 hisce
1782 1234 2070 1297 numeris
2140 1231 2551 1302 inveniendis

465 1355 869 1421 summopere
913 1337 1096 1420 coepi
1133 1335 1472 1401 elaborare.
1543 1336 1894 1421 Cupiebam
1939 1338 2113 1401 enim
2158 1356 2193 1401 e
2235 1337 2551 1418 rhythmis

468 1459 730 1524 quoque
796 1445 938 1507 tum
996 1441 1315 1525 genuinos
1376 1441 1663 1526 dialogos
1718 1442 1949 1506 melius
2010 1459 2352 1526 agnoscere
2410 1445 2552 1506 tum

466 1545 700 1609 certior
758 1544 900 1610 fieri
945 1545 1022 1610 de
1065 1544 1393 1610 Lucianea
1436 1545 1745 1611 electione
1788 1545 2129 1610 verborum
2173 1549 2237 1610 et
2279 1545 2360 1609 de
2402 1564 2553 1612 vera

469 1648 901 1715 collocatione.
991 1650 1153 1714 Tum
1221 1651 1467 1734 aliquot
1520 1652 1711 1716 annis
1763 1651 2107 1733 interjectis
2164 1649 2554 1733 simulatque

471 1752 630 1817 haec
675 1753 891 1818 studia
933 1755 1364 1820 maturitatem
1410 1775 1594 1821 suam
1640 1755 1873 1825 11611616
1917 1756 2057 1820 visa
2102 1759 2275 1837 sunt,
2322 1755 2553 1818 chartis

470 1857 772 1923 mandavi
840 1859 1057 1922 omnia
1124 1857 1355 1924 edendi
1422 1880 1637 1943 causa,
1706 1860 1818 1925 sed
1876 1860 2078 1925 multo
2137 1862 2281 1944 post
2332 1859 2400 1922 id
2458 1862 2554 1922 est

470 1982 526 2025 a.
579 1962 750 2029 1875
815 1963 1075 2028 tandem
1139 1965 1365 2049 paucis
1423 1966 1529 2029 vel
1596 1964 1831 2028 additis
1884 1964 1987 2029 vel
2044 1965 2231 2028 etiam
2292 1965 2552 2028 mutatis

465 2065 747 2150 primum
826 2067 897 2130 in
970 2067 1185 2132 lucem
1251 2069 1453 2133 emisi.
1578 2067 1677 2133 Ita
1746 2068 2225 2153 qualiacunque
2294 2068 2553 2132 demum

465 2172 589 2234 ista
649 2176 822 2253 sunt,
889 2190 1034 2237 mea
1089 2176 1256 2237 certe
1313 2174 1515 2237 unius
1577 2179 1732 2238 sunt
1789 2173 2021 2255 omnia,
2084 2191 2300 2256 neque
2353 2171 2552 2236 ullam

466 2274 714 2339 literam
803 2274 946 2339 aliis
1033 2295 1298 2360 possum
1387 2281 1711 2362 acceptam
1797 2277 2048 2342 referre.
2175 2275 2554 2360 Bipartitam

468 2384 682 2444 autem
756 2399 1014 2464 operam
1087 2401 1296 2445 meam
1370 2400 1509 2445 esse
1577 2381 1776 2464 volui,
1850 2382 1940 2445 ita
2005 2386 2080 2444 ut
2145 2381 2350 2465 priore
2413 2379 2553 2442 loco

466 2483 777 2548 rationem
819 2482 1092 2548 Luciani
1147 2486 1346 2550 unius
1404 2484 1704 2550 haberem
1759 2492 1821 2550 et
1877 2487 1955 2550 de
2015 2484 2305 2549 numeris
2361 2482 2553 2568 pede-

469 2587 710 2653 stribus
797 2593 1088 2655 vetenun
1187 2589 1569 2675 scriptorum
1657 2595 2000 2676 praeceptu
2090 2588 2551 2674 complecterer.

470 2692 706 2757 Contra
747 2694 820 2757 in
864 2695 1063 2770 altera
1103 2700 1301 2779 parte,
1349 2715 1544 2778 quam
1592 2697 1807 2760 animo
1841 2695 2239 2779 designatam
2270 2692 2547 2757 necdum

465 2797 667 2862 literis
709 2801 1123 2883 perscriptam
1166 2799 1388 2882 habe0‚
1431 2800 1761 2864 volueram
1807 2800 1884 2866 de
1930 2798 2215 2863 numeris
2244 2797 2553 2877 Platonis,

471 2900 921 2970 Demosthenis
989 2904 1400 2988 maximeque
1471 2905 1549 2969 de
1604 2904 1939 2970 Isocrateis
2007 2904 2313 2968 disserere
2381 2906 2444 2966 et
2499 2901 2555 2964 si

350 3067 353 3070 ,
471 3005 627 3089 quid
681 3008 939 3071 interim
1001 3006 1078 3072 de
1130 3001 1254 3071 ¹hoc
1313 3028 1731 3073 numerorum
1774 3027 2006 3093 genere
2061 3007 2140 3071 ab
2201 3007 2344 3071 aliis
2389 3004 2553 3069 bene

470 3112 838 3196 expositum
880 3111 1129 3195 fuisset,
1171 3112 1241 3176 id
1286 3132 1547 3197 quoque
1577 3112 1823 3177 cumuli
1858 3112 1996 3176 loco
2028 3111 2292 3176 adicere.
2382 3109 2553 3193 Ergo

467 3216 642 3299 prior
707 3216 786 3281 de
850 3218 1138 3281 numeris
1206 3218 1654 3283 commentatio
1714 3219 1848 3301 jam
1916 3217 2068 3281 olim
2136 3217 2371 3300 scripta
2438 3218 2554 3296 est,

472 3339 667 3403 quam
726 3320 827 3385 his
887 3321 966 3386 de
1025 3322 1238 3386 causis
1295 3322 1408 3386 diu
1453 3323 1863 3406 multumque
1908 3324 2250 3385 cunctatus
2295 3339 2439 3384 sum
2483 3319 2554 3382 in

469 3422 681 3491 lucem
724 3425 1022 3509 proferre.
1112 3424 1434 3491 Nimirum
1480 3448 1535 3491 a.
1574 3427 1742 3493 1827
1774 3422 2029 3511 Lipsiae
2060 3423 2555 3489 Demosthenem

471 3528 858 3616 explicaram
901 3531 975 3601 111,
1017 3530 1250 3595 66116116
1293 3531 1706 3596 Academicis
1752 3532 1842 3594 ita
1886 3535 1961 3594 ut
2004 3548 2193 3613 saepe
2238 3530 2430 3593 etiam
2476 3528 2556 3592 de

469 3647 887 3700 numerorum
945 3640 1176 3699 natura
1235 3635 1632 3718 dissererem,
1700 3635 1836 3700 sive
1892 3634 2081 3698 lectio
2138 3634 2355 3717 aliqua
2394 3634 2558 3698 reci-

470 3737 706 3821 pienda
748 3738 1071 3804 videretur
1128 3741 1265 3804 sive
1320 3738 1734 3823 reprobanda.
1826 3737 2011 3815 Quod
2060 3756 2266 3822 quum
2332 3738 2557 3802 amicis

471 3843 633 3908 meis
693 3843 1076 3908 doctissimis
1134 3845 1293 3908 viris
1347 3845 1507 3909 forte
1561 3863 1937 3926 narrassem,
2003 3844 2282 3927 graviter
2338 3840 2417 3906 ab
2463 3842 2555 3906 eis

443 3948 825 4032 increpitus
899 3967 1042 4013 sum
1065 3997 1082 4031 ‚
1159 3967 1432 4032 quorum
1506 3947 1652 4012 talis
1724 3948 1853 4012 fere
1925 3952 2067 4011 tum
2140 3946 2338 4011 oratio
2411 3946 2552 4011 fuit.

477 4049 825 4135 ,Quantum
869 4041 1100 4136 laudiS‚
1154 4052 1558 4137 inquiebant,
1612 4052 1929 4134 rhythmis
1974 4050 2249 4134 accedet,
2295 4055 2557 4115 tantun-

475 4156 620 4221 dem
666 4157 744 4222 de
787 4164 1136 4223 metrorum
1181 4157 1489 4240 doctrina,
1535 4158 1643 4221 cui
1688 4162 1760 4221 tu
1803 4157 1942 4240 ipse
1989 4155 2244 4220 deditus
2289 4174 2380 4237 66,
2438 4152 2557 4218 tibi

475 4262 833 4326 decesserit.
922 4263 1062 4329 Aut
1115 4264 1171 4327 si
1223 4261 1506 4345 rhythmi
1554 4280 1815 4345 quoque
1858 4259 2335 4345 pervestigandi
2381 4262 2555 4341 sunt,

473 4371 549 4430 tu
592 4385 741 4430 vero
799 4366 1024 4433 saltem
1090 4359 1199 4433 eos
1251 4368 1324 4432 in
1378 4365 1533 4430 solis
1592 4385 1826 4450 quaere
1867 4367 2091 4450 poetis.
2185 4362 2429 4441 Quodsi
2473 4382 2557 4426 ne

2137 4482 2230 4533 vi·
