3099 5241
1270 405 1773 471 PEDESTRIBUS.
2409 411 2563 469 XCV

469 580 720 651 Tullius
779 588 950 649 reete
998 584 1251 668 judicat
1306 584 1464 650 haec
1521 604 1642 650 sua
1695 590 1942 672 sponte,
2008 588 2259 654 etiamsi
2314 588 2385 653 id
2427 607 2562 654 non

470 692 716 771 agatur,
776 689 999 754 cadere
1058 690 1442 774 plerumque
1499 709 1859 757 numerose.
1949 690 2114 759 Tum
2172 693 2243 757 in
2302 689 2561 760 Oratore

470 810 524 856 c.
581 793 669 859 52
736 791 899 860 bene
967 794 1191 859 scribit
1257 793 1558 878 Gorgiam
1623 794 1780 860 haec
1843 797 2129 880 primum
2192 798 2557 866 invenisse:

467 895 760 979 loquitur-
821 898 996 965 enim
1063 903 1127 963 et
1195 899 1425 965 clamat
1491 899 1772 964 historia.
1878 899 2004 966 Sed
2069 900 2311 967 ibidem
2377 921 2427 966 c.
2476 903 2560 970 12

468 999 751 1067 melioris
817 1003 960 1067 soni
1028 1021 1222 1069 causa
1288 1004 1554 1067 nomina
1620 1005 2047 1089 transposuit,
2118 1005 2289 1089 quod
2356 1007 2425 1070 in
2490 1026 2560 1072 re

469 1105 626 1170 adeo
672 1110 826 1171 nota
867 1106 1073 1173 facere
1131 1107 1381 1172 licitum
1437 1113 1591 1172 erat.
1687 1107 1884 1191 ,Haec
1941 1113 2264 1191 tractasse,
2322 1111 2560 1196 inquit,

467 1209 1012 1293 Thrasymachum
1091 1211 1594 1276 Calchedonium
1671 1214 1955 1298 primum
2032 1219 2096 1278 et
2167 1212 2557 1279 Leontinum

468 1314 684 1381 ferunt
740 1315 1042 1400 Gorgiam
1098 1316 1224 1379 --.‘
1317 1315 1402 1380 Et
1465 1317 1625 1382 haec
1694 1317 1954 1402 quidem
2012 1316 2277 1403 Gorgias
2345 1319 2561 1385 omnia

467 1419 601 1484 fere
651 1439 687 1484 e
743 1423 968 1506 poetiS,
1023 1439 1144 1486 nec
1202 1426 1416 1486 tamen
1473 1440 1509 1485 e
1571 1422 1723 1486 solis
1783 1421 2023 1504 lyricis,
2083 1441 2310 1487 verum
2365 1423 2557 1489 etiam

470 1524 581 1591 ex‘
622 1524 764 1597 aliis
830 1523 1057 1610 (epicis
1116 1530 1272 1610 puta
1331 1531 1395 1590 et
1452 1526 1731 1610 tragicis)
1787 1527 2143 1612 repetierat.
2234 1525 2359 1591 Sed
2418 1527 2558 1591 loco

468 1634 785 1712 postremo
863 1633 939 1711 (c.
1001 1630 1111 1715 12)
1175 1630 1690 1711 Thrasymachus
1767 1649 2029 1715 quoque
2108 1631 2266 1697 haec
2343 1631 2560 1697 omnia

471 1737 773 1799 tractasse
841 1734 1092 1810 dicitur.
1202 1733 1446 1810 Quodsi
1503 1734 1712 1818 ipsius
1770 1733 2226 1817 Thrasymachi
2291 1753 2377 1800 ex
2440 1735 2561 1804 hoe

432 1872 439 1875 f
469 1856 704 1921 genere
747 1838 927 1903 locus
965 1838 1184 1903 nullus
1216 1843 1514 1921 exstaret,
1561 1842 1894 1905 contentos
1924 1858 2064 1904 esse
2095 1858 2213 1904 nos
2245 1843 2561 1923 oporteret

468 1939 660 2009 Tullii
727 1940 904 2024 (ibid.
953 1962 1006 2007 c.
1057 1943 1161 2023 12)
1231 1942 1309 2006 de
1368 1941 1857 2025 ThrasymachO,
1920 1942 2178 2028 Gorgia,
2235 1942 2558 2011 Theodoro

469 2044 685 2111 verbis
738 2046 869 2111 his:
941 2065 1240 2130 ,quorum
1294 2048 1450 2111 satis
1503 2053 1731 2132 arguta
1791 2047 2013 2129 multa,
2082 2047 2193 2113 sed
2251 2053 2327 2112 ut
2367 2047 2559 2111 modo

468 2150 884 2234 primumque
948 2151 1299 2234 nascentia,
1367 2153 1620 2215 minuta
1685 2156 1750 2216 et
1803 2152 2267 2216 versiculorum
2324 2150 2560 2217 similia

472 2254 786 2338 quaedam
867 2256 1275 2339 nimiumque
1357 2255 1645 2340 depicta.‘
1759 2256 1859 2319 Ac
1932 2256 2216 2339 profecto
2281 2255 2351 2318 in
2417 2254 2558 2321 loco

467 2358 755 2442 longiore
801 2380 901 2445 ap.
948 2358 1340 2442 Dionysium
1384 2358 1482 2424 De
1528 2360 1752 2424 admir.
1807 2361 1868 2423 vi
1913 2358 2240 2424 Demosth.
2291 2378 2344 2423 c.
2378 2360 2441 2442 3,
2485 2364 2561 2425 ut

470 2483 669 2548 supra
737 2464 982 2531 dictum
1049 2470 1180 2547 est,
1261 2484 1589 2549 nusquam
1654 2463 2197 2546 Thrasymachum
2263 2463 2558 2528 videmus

467 2565 854 2655 γοργιάζειν.
962 2569 1067 2634 Ex
1152 2588 1280 2654 quo
1365 2570 1660 2654 sequitur
1724 2588 1854 2634 non
1925 2587 2175 2654 semper
2241 2588 2390 2634 eum
2456 2567 2558 2636 his

467 2672 923 2740 festivitatibus
982 2694 1177 2740 usum
1236 2693 1393 2756 esse,
1461 2673 1702 2758 quibus
1762 2675 1893 2757 alii,
1958 2679 2034 2740 ut
2090 2675 2229 2758 ipse
2289 2671 2559 2755 Gorgias

469 2782 545 2842 ut
601 2779 851 2862 Agatho
918 2784 1107 2864 poeta
1162 2779 1658 2863 paratragoedus
1710 2798 2038 2863 nusquam
2099 2782 2391 2862 poterant
2447 2776 2561 2841 ab·

470 2884 723 2948 stinere.
818 2883 979 2960 Quis
1046 2885 1221 2948 enim
1289 2884 1489 2947 animi
1556 2902 1755 2952 causa
1810 2903 1942 2947 non
2003 2883 2158 2966 legit
2199 2881 2559 2968 Agathonis

469 2987 540 3051 in
587 2986 898 3054 Convivio
940 2988 1270 3056 Platonico
1312 2988 1465 3053 inde
1510 3008 1549 3052 a
1591 3008 1650 3073 p.
1685 2989 1833 3069 194,
1875 2987 1931 3051 E
1977 2988 2348 3067 orationem,
2394 3003 2560 3069 quae

468 3097 602 3160 tota
666 3091 972 3158 omnibus
1040 3093 1140 3158 his
1204 3093 1465 3176 ineptiis
1530 3092 1689 3157 adeo
1748 3092 1984 3158 referta
2042 3097 2158 3173 est,
2223 3096 2299 3155 ut
2351 3090 2424 3158 in
2483 3107 2559 3154 ea

473 3195 773 3281 Gorgiam
817 3198 1214 3281 ipsissimum
1252 3197 1468 3261 vivere
1514 3195 1693 3261 dicas
1738 3205 1801 3261 et
1843 3195 2125 3282 spirare?
2211 3193 2340 3260 Hic
2383 3195 2558 3262 enim

469 3302 875 3386 Agathonem
923 3304 1112 3387 juvat
1158 3321 1363 3387 quum
1411 3299 1657 3385 ubique
1702 3301 1919 3370 doctas
1962 3302 2255 3387 posuisse
2296 3298 2559 3384 figuras,

472 3426 640 3491 quae
693 3406 774 3471 ad
832 3426 1031 3474 unam
1089 3425 1314 3472 omnes
1372 3425 1755 3489 numerosae
1815 3409 1966 3491 sint,
2032 3412 2176 3472 tum
2232 3404 2558 3470 antithetis

468 3530 599 3587 non
646 3511 1024 3596 vulgaribus
1085 3511 1196 3577 sed
1252 3512 1346 3577 eis
1405 3510 1560 3575 solis
1618 3512 1734 3596 uti,
1797 3532 1963 3597 quae
2019 3532 2058 3575 a
2099 3510 2319 3576 Persio
2373 3509 2428 3591 I,
2472 3510 2559 3580 85

473 3618 649 3699 ,rasa‘
721 3617 1042 3685 dicuntur.
1155 3615 1357 3700 Cujus
1434 3618 1690 3700 generis
1769 3616 2071 3701 pleraque
2143 3618 2298 3678 sunt
2367 3614 2558 3682 etiam

468 3720 801 3804 Isocratis,
878 3740 1010 3788 non
1078 3721 1294 3785 omnia
1360 3726 1611 3803 tamen,
1685 3720 1854 3784 sicut
1917 3719 2039 3784 hoc
2104 3719 2175 3782 in
2241 3717 2557 3801 Panegyr.

344 3841 349 3848 ’
467 3846 530 3911 p.
580 3826 640 3909 8,
682 3825 760 3891 4:
823 3821 981 3889 ὥσθ’
1048 3821 1192 3889 οἶόν
1250 3821 1310 3888 τ’
1378 3821 1543 3888 εἶναι
1599 3861 1685 3872 --
1744 3819 1823 3889 τά
1886 3847 1956 3888 τε
2015 3817 2263 3887 παλαιὰ
2325 3827 2559 3895 καινῶς

471 3929 759 3995 διελθεῖν
839 3930 944 3993 καὶ
1023 3926 1174 4012 περὶ
1252 3934 1387 3993 τῶν
1470 3930 1696 3993 νεωστὶ
1764 3928 2220 4016 γεγενημένων
2286 3922 2561 4013 ἀρχαίως

471 4037 678 4099 εἰπεῖν
764 4019 1087 4100 hirsutum
1177 4034 1533 4108 antitheton
1624 4040 1722 4099 est
1798 4033 2195 4114 minimeque
2280 4030 2555 4112 ,rasum‘.

468 4139 637 4206 Vide
702 4140 806 4206 vel
870 4137 1241 4225 Longinum
1306 4138 1406 4205 De
1470 4139 1740 4205 Sublim.
1789 4140 1871 4206 38
1936 4159 2000 4222 p.
2050 4136 2137 4202 60
2202 4135 2301 4200 ed.
2361 4134 2553 4199 Jahn.

470 4249 688 4330 Atque
775 4245 970 4310 etiam
1051 4246 1123 4312 in
1204 4244 1655 4328 Aristophanis
1736 4263 1927 4309 versu
2010 4262 2108 4327 ap.
2192 4238 2558 4308 Bekkerum

469 4350 739 4432 (Anecd.
806 4370 871 4436 p.
928 4350 1081 4433 410,
1153 4350 1292 4430 15):
1378 4350 1482 4412 καὶ
1564 4344 1705 4412 xoez’
1783 4342 2115 4433 'Aydfiwv'
2206 4342 2558 4410 ἀντίθετον
