3099 5241
529 418 770 478 LXXIV
1379 422 1475 477 DE
1528 422 1764 478 LIBRIS

526 601 742 667 tamen
800 618 884 664 ne
942 600 1307 684 suspicione
1365 600 1630 683 quidem
1682 602 1858 684 ipsas
1920 602 2201 667 rationes
2243 604 2451 686 potest
2508 601 2619 665 ad-

530 703 743 787 sequi:
793 723 958 787 quae
1002 704 1279 768 rationes
1324 709 1399 768 ut
1441 704 1617 768 haud
1659 706 1936 769 minumi
1979 706 2146 789 preti
2192 705 2457 787 fuerint,
2503 724 2620 769 cur

526 807 788 872 tandem
830 809 998 873 inter
1040 807 1218 872 labra
1259 813 1453 892 atque
1500 809 1724 873 dentes
1768 809 2146 873 latuerunt?
2221 806 2620 893 Quapropter

525 911 689 976 libro
732 912 1008 977 vixdum
1052 912 1221 976 edito
1267 932 1384 997 ego
1428 915 1523 977 ira
1566 915 1850 998 percitus
1880 911 2170 978 Bekkero
2221 914 2300 978 de
2329 912 2617 977 Luciano

528 1035 661 1081 non
705 1016 869 1082 bene
898 1017 1189 1081 mutilato
1220 1018 1398 1081 volui
1426 1017 1786 1083 rescribere.
1875 1017 2021 1083 Hoc
2073 1019 2230 1083 dum
2273 1037 2410 1102 agO,
2455 1017 2618 1083 illud

532 1119 752 1185 Cobeti
797 1122 1102 1186 volumen
1151 1120 1512 1206 ,Variarum
1557 1122 1953 1188 Lectionum‘
2001 1123 2083 1187 ad
2140 1142 2243 1187 me
2300 1121 2618 1205 perlatum

531 1230 644 1290 est.
733 1225 897 1289 Tum
942 1245 1092 1290 vero
1153 1227 1313 1289 mihi
1365 1229 1757 1311 rescripturo
1814 1247 2204 1312 magnopere
2260 1225 2619 1290 verendum

532 1334 696 1410 erat,
762 1335 1103 1413 postquam
1171 1332 1551 1414 ,recognitio‘
1615 1330 1891 1396 Bekkeri
1960 1331 2196 1396 Cobeto
2263 1328 2618 1395 ludibrium

532 1432 856 1515 debuerat,
914 1453 996 1497 ne
1043 1430 1394 1513 ἀθετήσεις
1442 1455 1701 1519 quoque
1746 1440 1809 1500 et
1853 1435 2019 1501 obeli
2064 1436 2218 1499 novi
2272 1454 2618 1499 novorum-

533 1556 660 1620 que
706 1537 1000 1601 decuriae
1030 1537 1172 1601 aliis
1215 1539 1449 1602 inrisui
1492 1539 1716 1603 forent.
1809 1538 1983 1603 Hinc
2015 1540 2228 1604 subito
2272 1541 2617 1604 consilium

530 1642 798 1722 mutavi,
842 1647 1111 1706 naturae
1155 1661 1333 1707 meae
1374 1643 1625 1707 reddidi
1671 1643 1974 1725 debitum,
2020 1645 2099 1709 ad
2143 1644 2617 1727 indulgentiam

531 1747 865 1830 pristinam
909 1752 972 1812 et
1014 1749 1086 1810 in
1130 1747 1453 1812 erroribus
1497 1748 1769 1812 aliorum
1821 1749 2103 1813 ferendis
2160 1748 2617 1813 lentitudinem

529 1852 782 1933 reverti,
838 1871 1085 1916 memor
1136 1852 1235 1916 fui
1293 1853 1444 1916 dicti
1509 1853 1715 1918 illius:
1786 1854 2183 1937 ,opinionum
2252 1856 2619 1916 commenta

535 1955 702 2021 delet
760 1956 938 2037 dies‘,
1004 1956 1201 2040 idque
1267 1962 1442 2022 tanto
1509 1959 1715 2042 magis
1780 1958 1984 2032 tenui,
2053 1977 2179 2041 quo
2246 1957 2396 2041 plus
2465 1956 2617 2020 olim

531 2060 671 2143 ipse
738 2061 1107 2125 adolescens
1174 2080 1258 2124 ex
1323 2062 1580 2146 optimis
1647 2062 1773 2127 illis
1828 2061 2102 2127 Bekkeri
2169 2061 2346 2125 libris
2414 2062 2484 2124 in
2548 2078 2617 2124 re

533 2164 751 2228 critica
811 2164 1174 2230 didiceram.
1267 2163 1439 2242 Quin
1499 2169 1692 2230 etiam
1749 2168 1887 2251 ipse
1940 2165 2273 2231 Bekkerus
2334 2166 2412 2230 de
2470 2164 2617 2228 obe-

530 2268 738 2333 lorum
771 2288 1033 2333 suorum
1079 2270 1284 2334 salute
1317 2271 1572 2334 videtur
1613 2273 2036 2354 pertimuisse.
2128 2270 2398 2335 Dixerat
2443 2271 2617 2334 enim

532 2378 779 2458 praeter
845 2374 1003 2438 alios
1070 2372 1444 2439 Dindorfius
1519 2377 1590 2438 in
1657 2374 1860 2439 Praef.
1930 2375 2009 2439 ad
2075 2373 2342 2439 Lucian.
2412 2394 2472 2458 p.
2531 2372 2616 2455 X,

533 2478 751 2562 plures
798 2499 992 2563 quam
1035 2477 1168 2543 XII
1214 2480 1589 2563 scriptiones
1631 2480 1701 2542 in
1748 2480 2021 2544 dubium
2078 2487 2280 2545 certos
2325 2480 2614 2543 homines

535 2600 826 2666 vocasse,
892 2589 1176 2649 ceterum
1243 2603 1386 2667 eos,
1456 2604 1651 2668 quam
1716 2584 2019 2669 gravibus
2087 2585 2302 2650 causis
2367 2585 2435 2648 in
2504 2582 2616 2647 tali

538 2689 910 2771 quaestione
957 2708 1119 2773 opus
1166 2690 1268 2770 sit,
1313 2709 1522 2773 usque
1568 2709 1641 2755 eo
1686 2691 2055 2772 nescivisse,
2104 2694 2197 2772 ,ut
2241 2695 2617 2774 argumenta

536 2793 881 2858 adtulerint
937 2795 1173 2878 'partim
1241 2794 1471 2858 nulla‘:
1544 2793 1784 2877 quibus
1849 2794 2061 2858 verbis
2127 2792 2378 2859 Bekker
2441 2793 2615 2858 solus

534 2899 773 2982 petitus
819 2904 967 2963 erat.
1060 2897 1313 2974 Quibus
1356 2899 1536 2962 lectis
1567 2898 1834 2980 Bekker,
1882 2899 2188 2983 quoniam
2231 2900 2447 2983 ipsum
2486 2917 2618 2961 vox

534 3001 916 3086 plerumque
949 3002 1300 3085 deficiebat,
1346 3004 1647 3067 callidum
1680 3004 2021 3068 consilium
2061 3004 2229 3084 iniit,
2273 3008 2348 3066 ut
2390 3001 2617 3066 tuendi

537 3107 641 3170 sui
707 3126 902 3170 causa
961 3126 1115 3171 voce
1175 3113 1460 3172 uteretur
1514 3109 1804 3173 aliorum.
1919 3107 2086 3172 Ecce
2153 3108 2325 3172 enim
2389 3106 2617 3190 paucis

535 3210 869 3275 mensibus
935 3216 1079 3295 post
1145 3212 1314 3275 edita
1381 3217 1477 3276 est
1531 3211 1762 3275 Isidori
1819 3212 2169 3294 Guttentag
2236 3213 2389 3276 haec
2445 3230 2617 3274 com-

535 3318 873 3380 mentatio:
947 3313 1063 3396 ,De
1129 3314 1385 3380 subdito
1447 3318 1561 3400 qui
1625 3317 1793 3381 inter
1850 3316 2207 3381 Lucianeos
2274 3316 2400 3399 legi
2459 3315 2618 3378 solet

537 3420 784 3503 dialogo
828 3420 1177 3486 Toxaride‘.
1269 3419 1492 3486 Dicata
1546 3427 1644 3486 est
1694 3423 1805 3487 illa
1861 3422 2122 3506 quidem
2166 3422 2247 3485 A.
2294 3418 2616 3483 Boeckhio

537 3530 600 3589 et
644 3524 729 3589 M.
777 3524 1083 3610 Hauptio‚
1126 3546 1353 3591 verum
1400 3528 1689 3610 quaestio
1747 3529 1888 3611 ipsa
1929 3547 2067 3590 non
2112 3525 2190 3590 ab
2237 3526 2339 3588 his
2385 3524 2618 3588 duum-

537 3631 693 3695 viris
738 3631 1055 3716 proposita
1099 3637 1232 3695 erat
1277 3631 1389 3696 sed
1435 3632 1514 3695 ab
1563 3651 1695 3696 uno
1733 3631 2040 3713 BekkerO,
2082 3630 2151 3694 id
2197 3629 2369 3714 quod
2412 3629 2618 3713 prima

536 3736 738 3800 libelli
779 3735 976 3800 verba
1019 3738 1361 3801 testantur:
1427 3737 1738 3818 ,Toxarim
1785 3736 2111 3820 dialogum
2155 3771 2239 3780 -
2286 3733 2618 3799 Bekkerus

536 3842 608 3904 in
654 3841 1028 3905 subditicios
1070 3840 1305 3922 retulit,
1351 3845 1413 3905 et
1443 3860 1763 3905 consensu
1806 3841 2330 3925 philosophorum
2376 3838 2616 3903 ordinis

538 3947 884 4031 proposuit,
937 3950 1011 4009 ut
1067 3947 1579 4030 investigaretur,
1633 3947 1917 4030 primum
1974 3951 2087 4009 aut
2142 3944 2257 4008 abs
2317 3962 2446 4027 quo
2506 3946 2619 4006 aut
2691 4007 2696 4012 ,

539 4056 706 4115 certe
772 4055 987 4116 tamen
1057 4051 1314 4135 quando
1382 4051 1657 4134 scriptus
1724 4055 1910 4131 esset,
1979 4049 2213 4115 deinde
2280 4048 2406 4110 -—‘.
2517 4047 2617 4110 Ac

539 4175 728 4221 nemo
772 4160 887 4221 aut
927 4155 1247 4221 Boeckhio
1292 4160 1405 4219 aut
1445 4153 1753 4238 HauptiO,
1799 4173 2075 4238 quorum
2120 4159 2347 4220 neuter
2388 4151 2618 4243 Lucia-

539 4280 699 4325 num
745 4266 930 4325 antea
971 4263 1111 4344 ipse
1154 4264 1463 4341 tractarat,
1505 4260 1663 4321 vitio
1694 4265 1937 4324 vertere
1979 4265 2202 4343 potest,
2248 4256 2422 4342 quod
2464 4276 2615 4321 cum

541 4365 779 4431 editore
821 4364 1094 4431 Luciani
1137 4369 1617 4429 consenserunt.
1682 4364 1774 4428 Hi
1818 4365 1992 4429 enim
2037 4362 2368 4427 duumviri
2412 4380 2616 4446 quum
