3099 5241
1311 431 1680 487 SOSTRATO.
2264 429 2545 485 XXXVII

453 611 788 692 acceptum
831 611 1181 674 enarravit:
1228 611 1299 673 in
1348 628 1476 694 quo
1509 609 1830 692 colloquio
1863 612 2146 672 extremo
2178 606 2257 671 ab
2286 606 2543 672 Herode

454 717 551 799 (ut
606 731 751 776 mea
811 713 961 778 olim
1024 717 1389 798 conjectura
1447 715 1597 800 fuit)
1661 712 1967 777 Herculis
2037 713 2099 792 (i.
2149 731 2201 776 e.
2253 711 2543 796 Sostrati)

452 818 692 881 mentio
759 816 925 881 facta
996 823 1146 901 erat,
1216 840 1381 903 quae
1443 819 1638 884 verba
1692 836 1871 881 nunc
1932 816 2010 880 ab
2070 816 2248 880 libris
2309 815 2545 879 absunt

454 919 774 984 omnibus.
865 922 991 987 Sed
1039 944 1204 1007 quae
1251 925 1553 1007 deinceps
1602 943 1653 986 c.
1700 924 1736 986 7
1786 922 1864 985 de
1909 921 2269 1006 Agathione
2312 920 2543 983 tradita

454 1030 640 1108 sunt,
715 1046 788 1090 ea
856 1029 1073 1092 omnia
1140 1028 1563 1092 Philostratus
1634 1047 1716 1091 ex
1782 1027 2060 1090 Herodis
2128 1025 2394 1109 epistola
2461 1024 2542 1087 ad

450 1129 494 1193 J
497 1131 789 1195 ulianum
859 1132 1005 1195 data
1067 1134 1339 1216 repetiit,
1405 1137 1480 1196 ut
1543 1133 1683 1215 ipse
1750 1151 1802 1194 c.
1855 1133 1891 1196 7
1960 1131 2099 1193 init.
2157 1130 2260 1193 his
2329 1128 2542 1195 verbis

447 1235 710 1300 fatetur:
762 1231 1101 1322 διαγράφει
1149 1235 1214 1300 δὲ
1263 1230 1466 1299 αὐτὸν
1513 1231 1546 1297 ὃ
1585 1231 1887 1317 “Ηρώδης
1934 1238 1999 1296 ἐν
2046 1239 2169 1315 μιᾷ
2214 1237 2345 1294 τῶν
2377 1229 2542 1313 πρὸς

312 1416 329 1433 .
449 1337 569 1401 τὸν
608 1336 967 1403 Ἰουλιανόν
1033 1344 1411 1405 ἐπιστολῶν.
1506 1338 1780 1404 Lucianj
1825 1344 2038 1404 autem
2082 1337 2324 1402 librum
2370 1336 2542 1413 ,Σω-

454 1440 737 1525 στράτου
766 1443 960 1517 Bc'og‘
990 1445 1413 1510 Philostratus
1458 1464 1592 1509 non
1623 1445 1890 1527 viderat,
1937 1444 2238 1508 assiduus
2269 1447 2542 1508 caetero-

454 1551 614 1634 quin
659 1548 932 1613 Luciani
975 1551 1193 1632 lector,
1257 1571 1450 1634 quem
1497 1550 1777 1614 eundem
1822 1550 2011 1613 homo
2059 1550 2541 1633 superstitiosus

451 1654 594 1718 odio
676 1659 1048 1720 occaecatus
1133 1657 1394 1719 0111111110
1476 1674 1803 1738 nusquam
1887 1655 2263 1718 nominavit.
2380 1651 2540 1729 Quis

450 1758 756 1822 Julianus
821 1760 928 1824 ille
993 1760 1206 1841 fuerit,
1274 1761 1372 1822 vir
1432 1759 1608 1823 haud
1669 1758 1863 1823 dubie
1918 1758 2151 1824 nobilis
2208 1759 2290 1822 ad
2348 1777 2541 1841 quem

448 1862 725 1926 Herodis
791 1864 1008 1928 literae
1077 1865 1258 1930 datae
1325 1869 1522 1946 erant,
1590 1869 1919 1948 propterea
1959 1863 2235 1928 'definiri
2289 1864 2539 1947 nequit,

452 1967 626 2051 quod
724 1967 939 2050 plures
1038 1974 1178 2033 tum
1275 1969 1317 2032 J
1319 1969 1522 2031 uliani
1622 1967 2009 2049 floruerunt,
2120 1973 2193 2032 ut
2283 1967 2539 2032 Salvius

448 2073 775 2154 Julianus,
834 2075 948 2156 qui
1007 2073 1085 2137 ab
1134 2073 1478 2138 Commodo
1537 2074 1789 2137 occisus
1834 2077 1931 2137 est
1994 2071 2286 2155 (testibus
2334 2092 2541 2156 quum

451 2178 593 2241 aliis
638 2183 777 2242 tum
821 2176 1186 2262 Lampridio
1231 2180 1301 2242 in
1349 2177 1695 2242 Commodo
1744 2197 1793 2240 0.
1842 2179 1883 2242 3
1928 2182 1991 2241 01
2034 2197 2087 2240 0.
2131 2178 2218 2259 4),
2283 2176 2538 2240 Salvius

449 2282 786 2364 Julianus,
865 2284 978 2366 qui
1054 2283 1271 2367 paullo
1353 2287 1496 2367 post
1564 2281 1987 2346 Commodum
2065 2281 2140 2362 (a.
2205 2281 2351 2362 193)
2419 2281 2539 2344 im·

449 2388 716 2471 peravit,
787 2385 1094 2451 Claudius
1161 2387 1467 2452 Julianus
1533 2387 1598 2452 N
1599 2387 1911 2451 aucellius
1980 2383 2104 2470 (ap.
2153 2385 2538 2449 Frontonem

449 2513 511 2576 p.
571 2493 693 2556 281
768 2497 829 2555 et
892 2513 956 2576 p.
1015 2495 1140 2558 291
1212 2514 1305 2578 sq.
1377 2493 1473 2556 ed.
1544 2490 1777 2576 Rom),
1846 2490 2083 2555 Sextus
2151 2489 2537 2574 Calpurnius

449 2596 756 2661 Julianus
815 2595 938 2682 (ap.
999 2599 1276 2663 eundem
1335 2596 1724 2662 Frontonem
1776 2617 1841 2681 p.
1889 2597 2017 2662 262
2064 2594 2159 2660 ed.
2207 2594 2418 2681 Rom.)
2477 2600 2539 2659 et

451 2702 559 2765 alii
603 2702 645 2765 J
649 2702 884 2765 uliani:
945 2723 1160 2787 neque
1207 2703 1472 2767 Sostrati
1515 2722 1732 2766 rerum
1774 2702 2058 2782 interest,
2118 2701 2265 2783 quis
2319 2718 2404 2764 ex
2447 2703 2539 2762 tot

448 2807 491 2870 J
497 2808 731 2870 ulianis
763 2808 1091 2891 epistolam
1134 2809 1543 2891 potissimum
1589 2808 1917 2890 acceperit,
1964 2805 2234 2869 decerni.
2284 2802 2537 2867 Verun-

449 2916 663 2977 tamen
732 2931 961 2996 corpus
1037 2912 1449 2996 epistolarum
1513 2911 1791 2975 Herodis
1868 2912 2002 2993 jam
2083 2909 2328 2973 editum
2405 2911 2539 2972 erat

448 3017 814 3081 Philostrati
858 3021 1076 3098 aetate,
1125 3018 1238 3100 qui
1281 3018 1351 3079 in
1382 3016 1461 3081 V.
1509 3016 1573 3081 S.
1620 3038 1682 3101 p.
1714 3018 1842 3082 537
1891 3021 1954 3079 et
1994 3036 2055 3099 p.
2087 3015 2214 3079 539
2259 3012 2536 3077 Herodis

449 3121 745 3205 epistolas
791 3122 872 3185 ad
914 3121 1161 3186 Varum
1207 3122 1536 3186 consulem
1584 3121 1762 3185 datas
1808 3122 2273 3185 commemorat.
2378 3116 2536 3181 Eas-

450 3226 592 3290 dem
647 3226 924 3291 Herodis
985 3227 1282 3310 epistolas
1336 3226 1574 3309 legerat
1630 3228 1821 3290 etiam
1882 3230 1944 3289 et
2000 3225 2077 3288 de
2131 3225 2214 3287 iis
2271 3225 2345 3286 in
2387 3223 2536 3285 uni-

447 3351 707 3396 versum
743 3331 1061 3413 judicavit
1098 3333 1155 3395 is
1185 3332 1631 3412 PhilostratUS,
1681 3332 1794 3415 qui
1839 3330 2172 3415 epistolam
2218 3327 2298 3391 ad
2329 3328 2535 3410 Aspa-

449 3438 618 3500 sium
674 3437 925 3521 scripsit
985 3456 1045 3519 p.
1104 3437 1231 3502 916
1293 3437 1389 3501 ed.
1454 3435 1657 3501 Olear.
1721 3435 1884 3519 (sive
1944 3456 2004 3519 p.
2052 3435 2182 3500 364
2241 3431 2532 3513 Kayser).

447 3540 572 3605 Sed
631 3541 803 3625 apud
865 3540 1318 3605 Philostratum
1374 3542 1662 3606 Herodes
1724 3560 1925 3606 senex
1982 3559 2131 3604 cum
2178 3537 2532 3601 Ctesidemo

448 3647 823 3730 colloquens
871 3645 1053 3729 dolet,
1114 3646 1287 3739 quod
1332 3646 1454 3711 sibi
1497 3667 1633 3711 non
1675 3647 1928 3710 licuerit
1969 3645 2092 3707 viri
2138 3662 2299 3727 opus
2347 3642 2534 3725 quasi

451 3751 769 3835 quoddam
817 3756 1308 3815 monumentum
1353 3752 1700 3836 posteritati
1740 3751 2104 3833 relinquere
2135 3752 2197 3812 et
2239 3746 2533 3830 inprimis

444 3856 897 3939 perfossionem
944 3856 1192 3939 Isthmi,
1242 3877 1437 3941 quam
1480 3857 1716 3941 pariter
1760 3859 1953 3938 atque
1998 3857 2146 3917 ante
2184 3870 2334 3916 eum
2356 3850 2532 3915 *Nero

445 3962 658 4025 animo
726 3963 1008 4045 agitarat.
1122 3962 1287 4027 Tum
1350 3964 1440 4025 ita
1504 3961 1794 4025 Herodes
1861 3961 2096 4044 pergit:
2164 3953 2206 4039 ἡ
2279 3954 2350 4019 δὲ·
2413 3962 2528 4018 τοῦ

436 4064 719 4150 Ἰσθμοῦ
789 4062 962 4151 τομὴ
1038 4070 1226 4153 ἔργον
1295 4061 1643 4130 ἀθάνατον
1711 4064 1815 4127 καὶ
1886 4059 2402 4145 ἀπιστούμενον.
2449 4067 2530 4148 τῇ

445 4167 668 4255 φύσει·
719 4170 894 4236 δοκεῖ
934 4168 1055 4257 γάρ
1102 4195 1221 4254 μοι
1264 4166 1339 4235 τὸ
1386 4172 1573 4255 ῥῆξαι
1618 4165 1738 4234 τὸν
1775 4165 2063 4251 Ἰσθμὸν
2109 4165 2531 4239 Ποσειδῶνος

447 4276 707 4341 δεῖσθαι
750 4274 794 4358 ἢ
835 4273 1092 4359 ἀνδρὸς,
1148 4275 1226 4338 ὃν
1263 4276 1533 4339 ἐκάλουν
1582 4277 1644 4337 οἱ
1689 4274 1920 4338 πολλοὶ
1949 4271 2270 4357 Ἠρώδου
2303 4270 2530 4356 ‘Hpa-

444 4381 612 4447 κλέα.
688 4382 1004 4447 Continuo
1050 4383 1186 4466 ipse
1216 4381 1639 4446 Philostratus
1682 4381 1920 4465 pergit:
1970 4377 2233 4451 νεανίας
2283 4369 2530 4465 [οὗτος]
