3099 5241
1180 430 1867 487 PSEUDOLUCIANEIS.
2384 435 2573 489 LXIX

479 628 619 674 esse
665 608 894 674 debere
940 615 1002 675 et
1046 611 1491 694 temperatum,
1537 614 1613 672 ut
1657 609 1809 673 olim
1854 610 2018 674 vidit
2061 610 2126 674 G.
2171 610 2240 675 F.
2277 610 2570 676 Rankius

476 732 663 779 meus
721 715 791 777 in
847 714 1102 798 egregia
1157 714 1718 779 commentatione:
1785 712 2041 797 ,Pollux
2097 714 2162 779 et
2218 715 2568 781 Lucianus‘

474 837 538 901 p.
585 817 688 882 24.
779 817 1112 883 Bekkerus
1174 822 1412 901 autem,
1468 819 1585 902 qui
1641 818 1806 882 illud
1861 837 2036 884 more
2095 840 2213 884 suo
2275 826 2442 885 tacet
2504 840 2571 886 se

475 923 581 986 hic
623 921 861 986 Rankii
907 923 1193 1007 vestigiis
1252 923 1571 1004 insistere,
1628 922 1963 1007 vulgarem
2022 924 2313 990 ordinem
2371 945 2573 990 ausus

479 1031 577 1117 est
619 1033 869 1092 mutare
912 1045 1119 1110 eoque
1147 1027 1404 1091 laudem
1435 1030 1736 1109 meretur,
1779 1027 2311 1110 vituperationem
2356 1034 2571 1095 autem

481 1150 584 1213 eo,
645 1131 835 1214 ,(111οᾶ
887 1131 1153 1196 modum
1208 1132 1280 1194 in
1333 1132 1454 1195 hac
1508 1150 1579 1196 re
1637 1132 1828 1215 longe
1895 1134 2173 1196 excessit
2238 1134 2574 1218 viderique

402 1271 407 1275 ·
477 1240 688 1319 potest
743 1255 993 1299 summa
1054 1236 1390 1301 miscuisse
1445 1236 1613 1299 imis
1713 1235 1882 1299 Nam
1941 1237 2061 1300 etsi
2124 1237 2367 1322 singuli
2422 1238 2568 1302 libri

481 1359 615 1403 non
647 1340 869 1405 eodem
902 1340 1126 1404 ordine
1157 1340 1270 1404 sed
1315 1340 1439 1404 alio
1482 1341 1555 1404 in
1586 1339 1728 1404 aliis
1759 1340 1940 1404 codd.
1973 1341 2216 1425 passim
2247 1343 2573 1426 leguntur,

479 1448 694 1510 tamen
740 1464 889 1509 cum
936 1445 1214 1510 editione
1258 1445 1551 1529 principe
1597 1437 1983 1527 (Florentina
2028 1447 2184 1509 anni
2234 1447 2445 1528 1496),
2491 1466 2574 1511 ex

485 1568 614 1631 quo
658 1549 833 1613 fonte
862 1550 1148 1633 vulgaris
1192 1551 1353 1614 ratio
1400 1549 1593 1613 ducta
1636 1554 1734 1614 est
1763 1551 1988 1634 optimi
2022 1551 2269 1635 (1111(1110
2301 1551 2574 1631 codiceS,

481 1660 556 1717 ut
598 1653 1126 1718 Vindobonensis
1190 1653 1267 1736 B,
1329 1653 1719 1719 Gorlicensis
1777 1656 1861 1738 A,
1907 1654 2262 1718 Vaticanus
2320 1654 2389 1718 Γ
2436 1655 2573 1718 alii-

484 1777 611 1842 que
668 1778 855 1843 saepe
913 1759 1343 1823 consentiunt.
1448 1756 1628 1833 Quae
1684 1762 1945 1843 apparet
1999 1778 2117 1822 sua
2175 1760 2323 1824 sede
2380 1759 2575 1823 relin-

485 1864 743 1947 quenda
805 1863 1005 1927 fuisse
1064 1883 1184 1927 nec
1242 1864 1382 1927 loco
1427 1867 1664 1927 temere
1707 1863 2042 1945 movenda,
2102 1864 2230 1927 nisi
2273 1882 2575 1947 praesens

484 1973 742 2052 urgeret
784 1969 1150 2033 necessitas.
1245 1966 1419 2042 Quin
1477 1968 1669 2032 etiam
1726 1969 1865 2052 ipse
1908 1966 2241 2032 Bekkerus
2298 1971 2577 2052 quatuor

484 2072 711 2136 saltem
741 2072 1051 2136 librorum
1078 2073 1274 2156 paria,
1299 2074 1584 2157 primum
1619 2071 1826 2145 ,Βίων
1856 2077 2123 2154 πρᾶσις(
2154 2076 2216 2135 et
2245 2065 2568 2147 :Alce-{192

486 2177 717 2242 deinde
775 2172 1112 2254 ‚Et-abre&
1169 2182 1232 2241 et
1288 2173 1506 2258 ,“Υπὲρ
1576 2181 1705 2240 τῶν
1773 2170 2090 2251 εἰκόνων,
2164 2180 2305 2240 tum
2371 2171 2577 2252 ,Ζεύς

484 2276 929 2366 ἐλεγχόμενος(
989 2287 1051 2345 et
1116 2276 1319 2357 ,Ζε-ὐς
1386 2278 1765 2366 τραγῳδός,
1837 2286 2155 2366 postremo
2224 2277 2413 2355 ,Πῶς
2481 2277 2581 2343 δεῖ

486 2387 775 2468 ἱστορία-ν
826 2381 1249 2472 συγγράφειν(
1306 2389 1368 2450 et
1426 2382 1742 2466 ,Ἀληθῆς
1800 2388 2075 2468 ἱστορίας
2135 2404 2254 2449 suo
2307 2385 2377 2447 in
2434 2384 2574 2447 loco

480 2492 842 2576 relinquere
923 2496 1183 2555 coactus
1250 2493 1364 2554 est.
1467 2489 1717 2554 Verum
1780 2495 1951 2555 recte
2010 2489 2208 2573 vulgo
2278 2489 2574 2553 continui

488 2602 642 2661 sunt
689 2596 818 2661 duo
865 2596 973 2660 alii
1017 2594 1162 2660 libri
1208 2595 1519 2680 (loquitur
1548 2596 1722 2660 enim
1754 2600 1816 2661 et
1846 2595 2077 2660 clamat
2119 2594 2260 2679 ipsa
2288 2593 2577 2679 historia)

485 2701 642 2765 alter
710 2699 906 2782 ,Περὶ
975 2706 1092 2779 τῆς
1168 2698 1568 2785 Περεγρίνου
1624 2702 1947 2782 τε),ευιῆς’
2018 2701 2130 2784 qui
2188 2719 2226 2763 a
2285 2694 2575 2763 Bekkero

486 2804 926 2869 XXXXVIII
969 2811 1346 2869 numeratur
1390 2808 1454 2869 et
1496 2804 1918 2886 ,Δραπέταις
1986 2805 2100 2888 (1111
2143 2803 2434 2868 Bokkero
2480 2806 2577 2867 est

486 2930 590 2975 no.
637 2909 896 2993 XXIX,
939 2910 1267 2994 iidemque
1311 2910 1501 2974 etiam
1545 2910 1615 2973 in
1664 2910 1883 2974 codice
1929 2928 2120 2994 (1110111
2152 2908 2577 2972 Vindobonae

489 3016 630 3099 ipse
694 3015 988 3098 inspexi,
1053 3016 1122 3078 in
1192 3018 1445 3079 vestuto
1510 3014 1621 3077 illo
1685 3014 1741 3078 B
1808 3014 2064 3078 fuerant
2130 3013 2443 3095 continui,
2506 3012 2576 3076 id

491 3120 664 3205 quod
711 3139 889 3183 nunc
936 3138 1195 3203 quoque
1241 3123 1410 3182 certo
1454 3118 1776 3202 intelligas
1818 3121 2029 3202 priore
2071 3116 2233 3182 libro
2291 3122 2365 3181 ut
2427 3135 2577 3180 con-

490 3229 614 3290 stat
660 3224 910 3288 dudum
953 3225 1189 3288 exciso.
1294 3221 1453 3286 Dixi
1512 3222 1591 3286 de
1648 3222 1769 3287 hac
1825 3222 2246 3287 continuandi
2300 3221 2578 3286 necessi-

488 3335 616 3394 tate
660 3334 724 3394 et
768 3329 962 3394 simul
1006 3329 1256 3393 ostendi
1305 3327 1694 3409 ‚Apam'wc‘
1759 3327 2084 3411 dialogum
2142 3346 2289 3392 vere
2348 3324 2577 3389 Lucia-

489 3454 690 3500 neum
736 3453 875 3499 esse
928 3435 998 3497 in
1060 3434 1207 3498 edit.
1255 3450 1399 3496 mea
1443 3430 1584 3495 Vol.
1633 3431 1717 3513 II,
1762 3430 1833 3494 P.
1880 3431 1949 3495 H
1991 3452 2053 3515 p.
2102 3432 2230 3497 236
2288 3431 2578 3515 aliosque

490 3540 920 3605 adsentientes
985 3538 1184 3602 habui
1251 3543 1325 3601 ut
1377 3534 1805 3618 Bernaysium
1876 3537 1939 3598 iu
2005 3536 2043 3598 l.
2113 3534 2374 3609 ,Lucian
2438 3534 2578 3598 und

491 3645 594 3710 die
658 3644 967 3726 Kyniker‘
1037 3663 1100 3726 p.
1170 3643 1312 3709 106.
1425 3642 1577 3706 Νο11
1643 3642 1862 3705 minus
1929 3649 2096 3705 recte
2164 3639 2358 3723 vulgo
2425 3657 2577 3702 con-

489 3750 828 3813 tinuantur
887 3748 1120 3832 dialogi
1186 3740 1631 3828 .[IQthvj3e1)g
1692 3743 1733 3824 ’ἢ
1796 3741 2181 3812 Kalamos·
2232 3750 2295 3808 et
2357 3740 2578 3815 ,Θεῶν

493 3849 806 3940 διάλογοι*
859 3853 1165 3937 brevique
1210 3851 1542 3916 intervallo
1589 3850 1808 3933 scripti
1853 3867 1992 3913 esse
2036 3847 2222 3911 ambo
2256 3846 2573 3910 videntur.

493 3957 777 4036 Quorum
810 3959 1005 4043 priori
1048 3956 1287 4021 multae
1329 3957 1559 4020 insunt
1590 3953 1893 4034 Aeschyli
1936 3953 2348 4031 imitationes,
2395 3951 2578 4015 alteri

489 4064 540 4146 I,
590 4065 623 4129 l
671 4063 750 4128 ab
797 4064 897 4127 his
940 4060 1153 4127 verbis
1210 4062 1536 4145 incipiunt
1581 4058 1969 4124 Promethei:
2038 4050 2300 4128 ,Λῦσόν
2354 4079 2463 4134 με,
2529 4046 2576 4117 ὦ

491 4167 627 4233 Ζεῦ
654 4177 792 4240 —-—‘‚
841 4170 931 4232 ita
979 4173 1050 4231 ut
1093 4172 1470 4250 argumenta
1513 4184 1737 4229 eorum
1781 4162 2134 4226 arctissime
2180 4160 2574 4224 cohaereant.

494 4273 705 4337 Ambo
751 4272 923 4337 enim
971 4292 1006 4336 0
1053 4271 1307 4335 duabus
1337 4270 1645 4352 Aeschyli
1688 4267 2031 4352 tragoediis
2077 4265 2364 4349 expressi
2409 4268 2578 4346 sunt,

495 4399 627 4443 una
681 4379 1022 4465 superstite
1086 4374 1526 4458 ,Προμηθεὺς
1590 4369 1955 4454 δεσμώιης(
2016 4369 2341 4455 deperdita
2385 4368 2580 4434 altera
