3099 5241
557 432 859 489 Lxxvm
1404 433 1500 491 nn
1554 407 1793 491 unius

558 610 812 676 studeat
876 615 1228 695 penetrare.
1321 611 1527 695 Atqui
1592 611 1661 676 id
1718 609 2010 677 Bekkero
2078 630 2280 697 quum
2337 612 2409 676 in
2463 608 2645 676 nullo

555 717 822 799 contigit
887 717 1218 800 scriptore,
1298 719 1436 783 tum
1504 716 1772 781 minime
1837 719 2131 782 omnium
2197 719 2268 781 in
2334 714 2640 781 Luciano.

558 819 838 885 Omnino
882 821 1055 886 enim
1086 819 1339 885 Bekker
1376 839 1802 904 quoscunque
1832 820 2051 903 edidit,
2097 840 2205 886 eos
2236 820 2316 885 ad
2348 819 2643 884 codicum

554 944 843 988 normam
884 925 1301 1008 regulamque
1345 926 1692 1007 revocavit,
1738 925 2029 989 criticum
2062 930 2126 989 et
2154 925 2642 1009 grammaticum

556 1030 686 1113 egit
737 1028 840 1094 vel
900 1030 970 1093 in
1031 1029 1324 1093 minutiis
1381 1033 1456 1092 ut
1510 1031 1581 1093 in
1642 1049 1772 1094 usu
1814 1029 2192 1094 vocularum
2236 1029 2368 1111 μέν
2408 1028 2516 1092 vel
2559 1023 2642 1090 ἄν

553 1134 657 1198 vel
716 1133 1046 1215 similium,
1113 1133 1393 1216 denique
1450 1152 1703 1217 semper
1757 1134 1826 1197 in
1883 1134 2311 1217 graecismum
2353 1135 2642 1196 intentus

552 1237 749 1302 verba
814 1238 947 1302 sola
1011 1237 1312 1321 respexit,
1379 1255 1481 1301 res
1547 1238 1723 1321 ipsas
1779 1257 2008 1321 parum
2067 1239 2335 1303 curavit.
2436 1237 2641 1320 Atqui

553 1342 698 1407 talis
764 1342 1024 1407 criticus
1083 1342 1303 1426 spuria
1358 1340 1438 1404 ab
1496 1341 1810 1425 genuinis
1864 1346 1928 1405 et
1987 1363 2025 1406 a
2080 1342 2260 1406 falsis
2319 1361 2471 1407 vera
2528 1342 2643 1406 vix

556 1448 690 1513 ullo
736 1453 919 1532 pacto
964 1447 1175 1531 potuit
1218 1447 1668 1510 internoscere.
1760 1445 1956 1511 Porro
2002 1467 2152 1511 cum
2181 1449 2324 1532 ipso
2354 1445 2640 1511 Luciano

554 1550 965 1637 comparandi
1019 1554 1199 1614 erant
1254 1549 1660 1634 potissimum
1717 1548 2127 1633 Plutarchus,
2181 1549 2307 1617 Dio
2369 1550 2642 1632 Chryso-

555 1661 822 1738 stomuS,
866 1655 1095 1720 Aelius
1128 1653 1463 1735 Aristides,
1507 1653 1840 1720 Maximus
1881 1654 2137 1737 TyriuS,
2181 1655 2642 1737 Artemidorus

553 1781 704 1825 cum
773 1760 1012 1844 spuriis
1080 1762 1295 1822 autem
1359 1757 1593 1823 libellis
1660 1758 2107 1825 Aristaenetus
2187 1765 2252 1825 et
2315 1759 2641 1844 Alciphro,

555 1883 719 1947 quos
776 1863 882 1927 ille
938 1880 1070 1926 non
1128 1862 1383 1925 videtur
1438 1862 1780 1944 lectitasse,
1846 1866 1902 1928 si
1957 1869 2168 1929 tamen
2224 1864 2436 1947 legere
2479 1863 2642 1927 nihil

553 1971 654 2031 est
695 1966 871 2030 aliud
919 1985 1114 2049 quam
1159 1964 1362 2029 edere.
1454 1965 1623 2030 Nam
1666 1967 1894 2033 horum
1940 1969 2251 2053 plurimos
2282 1987 2410 2032 non
2445 1967 2645 2032 edidit

555 2069 667 2135 sed
732 2070 889 2133 alios
956 2071 1252 2154 supparis
1319 2070 1463 2135 illos
1521 2072 1784 2154 quidem
1846 2075 2069 2137 aetatis
2128 2074 2240 2137 sed
2296 2074 2366 2136 in
2425 2077 2641 2136 nostra

554 2194 749 2238 causa
793 2175 1078 2256 levioreS,
1122 2174 1520 2258 Appianum,
1568 2175 1839 2240 Sextum
1886 2175 2285 2260 Empiricum
2333 2182 2396 2241 et
2436 2176 2641 2240 Hero-

555 2279 821 2343 dianum
865 2280 1264 2343 historicum.
1356 2277 1659 2363 Denique
1701 2278 1978 2344 Luciani
2009 2282 2372 2346 atticismus
2398 2280 2641 2345 finibus

556 2383 1102 2447 circumscribitur
1166 2385 1595 2468 perangustis,
1665 2391 1867 2449 certas
1924 2384 2035 2449 ille
2090 2385 2382 2450 notiones
2426 2384 2640 2449 verbis

554 2488 742 2552 certis
810 2492 871 2551 et
933 2487 1316 2573 plerumque
1382 2488 1612 2552 iisdem
1683 2488 2007 2573 eloquitur
2086 2495 2148 2553 et
2211 2509 2313 2555 res
2382 2508 2640 2573 quoque

553 2592 808 2658 easdem
856 2611 1044 2677 saepe
1087 2592 1474 2658 verbotenus
1519 2593 1703 2657 iterat
1746 2593 1849 2658 vel
1878 2594 2109 2678 repetit
2138 2595 2330 2659 etiam
2362 2595 2635 2679 saepius

550 2697 727 2763 Hinc
779 2697 1014 2761 multas
1074 2716 1158 2761 ex
1211 2702 1372 2761 meis
1432 2696 2012 2782 emendationibus,
2082 2719 2244 2783 quas
2298 2700 2439 2763 aliis
2495 2701 2641 2783 jure

550 2801 815 2887 probavi
861 2809 925 2867 et
969 2801 1209 2886 quibus
1255 2820 1372 2885 ego
1417 2802 1593 2866 haud
1637 2803 1727 2866 ita
1770 2803 2052 2867 multum
2097 2803 2327 2887 tribue,
2372 2822 2455 2869 ex
2498 2805 2639 2889 ipso

555 2907 710 2992 petii
778 2907 1101 2991 scriptore,
1168 2907 1356 2989 cujus
1423 2926 1727 2990 magnam
1794 2914 2036 2991 partem
2094 2912 2280 2972 teneo
2335 2909 2641 2973 memoria

552 3012 1090 3095 comprehensam.
1183 3012 1271 3075 At
1327 3011 1567 3075 eximia
1623 3011 1901 3095 quadam
1956 3013 2148 3077 laude
2212 3012 2341 3076 duo
2388 3014 2639 3078 criticos

549 3116 708 3182 mihi
750 3115 974 3181 videor
1014 3115 1319 3200 prosequi
1361 3134 1569 3199 posse,
1612 3115 2182 3182 Hemsterhusium
2214 3125 2410 3202 atque
2442 3116 2640 3181 Cobe-

550 3226 710 3302 tum,
780 3221 894 3304 qui
951 3240 1154 3305 quum
1216 3240 1347 3283 non
1403 3225 1657 3285 tantum
1713 3222 2015 3305 temporis
2073 3222 2226 3286 huic
2268 3221 2639 3306 impendere

552 3326 825 3407 satyrico
879 3326 1260 3409 potuissent,
1326 3329 1538 3390 tamen
1597 3325 1911 3409 plurimos
1966 3326 2140 3390 locos
2196 3345 2283 3391 ex
2324 3326 2465 3411 ipso
2509 3324 2640 3390 Lu-

551 3430 738 3494 ciano
792 3429 1108 3514 praeclare
1168 3436 1599 3495 correxerunt.
1693 3429 1926 3495 Contra
1985 3450 2060 3495 ea
2102 3430 2433 3496 Beklrerus
2476 3449 2639 3494 non·

550 3534 682 3602 nisi
737 3553 845 3598 eos
903 3534 1076 3599 locos
1144 3535 1309 3601 bene
1377 3537 1669 3617 correxit,
1741 3555 2012 3620 quorum
2074 3536 2500 3620 graecismnm
2554 3554 2639 3599 ex

552 3639 697 3704 aliis
741 3641 1025 3704 mutuari
1070 3640 1487 3724 scriptoribus
1532 3641 1742 3706 atticis
1786 3641 2120 3726 potuisset,
2166 3659 2378 3724 neque
2407 3641 2477 3703 in
2508 3646 2640 3716 tota

550 3744 829 3809 Bekkeri
894 3745 1172 3809 editione
1235 3745 1367 3810 ulla
1424 3747 1791 3830 coniectura
1849 3750 2078 3827 exstat,
2148 3764 2343 3829 quam
2392 3742 2640 3808 Bekker

551 3869 636 3914 ex
679 3870 808 3914 usu
854 3851 1053 3914 unius
1096 3852 1350 3934 petierit
1384 3850 1675 3915 Luciani.
1769 3849 1912 3927 Quo
1958 3851 2164 3935 magis
2205 3850 2357 3913 licet
2399 3849 2638 3930 mirari,

550 3955 725 4020 unde
769 3955 875 4019 hic
919 3955 1181 4020 criticus
1226 3954 1350 4020 sibi
1381 3957 1563 4021 visus
1608 3957 1693 4020 sit
1736 3956 2140 4040 exploratum
2187 3954 2438 4037 habere,
2481 3953 2637 4039 quid

555 4059 825 4144 dignum
878 4058 1166 4123 Luciano
1233 4065 1400 4125 esset
1467 4061 1704 4144 quidve
1771 4060 2136 4143 indignum.
2226 4062 2337 4144 At,
2405 4060 2639 4125 dixerit

557 4165 899 4249 quispiam,
956 4162 1020 4228 J.
1067 4162 1320 4228 Bekker
1363 4165 1625 4229 criticus
1667 4163 1793 4227 fuit
1835 4184 2100 4249 graecae
2142 4166 2405 4249 linguae
2446 4165 2637 4248 longe

550 4269 993 4353 peritissimus.
1082 4267 1322 4350 Audin,
1381 4268 1581 4352 idque
1637 4268 1914 4332 concedo
1959 4270 2277 4353 pertinere
2322 4268 2403 4333 ad
2446 4269 2637 4334 mise-

549 4392 698 4443 rum
779 4372 1105 4459 dialogum
1168 4366 1653 4454 ,Φιλόπαιριςς
1742 4373 1856 4458 qui
1934 4378 2074 4437 octo
2153 4373 2427 4438 saeculis
2493 4377 2636 4460 post
