3099 5241
1294 450 1768 535 nnMonAorIs.
2466 451 2577 507 xv

493 629 693 696 Serm.
745 630 825 695 77
874 625 1044 711 Περὶ
1095 633 1326 710 θυμοῦ
1370 628 1476 692 καὶ
1525 624 1724 714 ὀργῆς
1767 649 1828 713 p.
1881 627 2028 710 133,
2071 629 2153 693 51
2205 628 2323 712 (ed.
2372 627 2581 693 Gene-

491 734 731 815 vensis)
789 733 961 799 idem
1014 752 1242 797 versus
1302 734 1536 817 legitur
1589 735 1729 797 sine
1782 735 2043 797 nomine
2100 735 2378 798 auctoris
2396 783 2412 816 ,
2468 733 2581 798 sed

491 841 828 923 proximus
882 837 1065 904 locus
1122 858 1261 903 esse
1328 840 1565 905 dicitur
1624 837 1993 922 ,Democriti
2049 838 2152 903 vel
2223 838 2581 903 secundum

493 945 651 1008 alios
694 942 1144 1008 Demonactis‘.
1234 942 1364 1008 Hic
1410 963 1672 1029 quoque
1715 963 1943 1008 versus
1987 946 2083 1007 est
2123 944 2194 1006 in
2239 941 2580 1007 Menandri

491 1051 747 1132 gnomis
811 1048 1227 1113 monostichis
1283 1050 1432 1115 576.
1547 1048 1825 1114 Orellius
1888 1046 1946 1131 (1
1990 1069 2050 1132 p.
2105 1047 2255 1131 120)
2319 1067 2580 1113 versum

492 1159 787 1217 nostrum
842 1153 1184 1219 infeliciter
1239 1152 1467 1218 tribuit
1523 1151 1905 1217 Democrito
2006 1153 2184 1217 Hinc
2240 1150 2580 1218 Demonax

491 1278 606 1342 pro
673 1259 916 1322 comico
982 1257 1149 1323 male
1211 1257 1469 1322 habitus
1536 1262 1654 1340 est,
1724 1277 1918 1342 quem
1983 1259 2199 1342 potius
2264 1259 2580 1342 tragicum

492 1368 746 1447 poetam
802 1362 1003 1427 fuisse
1060 1363 1266 1427 videri
1323 1361 1687 1427 Meinekius
1750 1363 1822 1425 in
1877 1361 2049 1426 Hist.
2098 1361 2270 1426 Com.
2315 1383 2379 1447 p.
2427 1362 2579 1447 525,

491 1466 555 1530 Ν
556 1467 824 1531 auckius
877 1468 950 1530 in
1003 1466 1185 1551 Trag.
1234 1467 1342 1532 Gr.
1390 1466 1490 1530 Fr.
1539 1487 1602 1550 p.
1650 1467 1779 1532 643
1825 1471 1889 1531 et
1931 1486 2048 1551 ego
2103 1466 2241 1551 ipse
2295 1467 2377 1531 ad
2420 1465 2577 1531 Luc.

493 1569 864 1636 Demonact.
925 1591 978 1635 c.
1032 1572 1065 1636 1
1128 1572 1588 1654 judicavimus.
1701 1572 1793 1635 At
1855 1571 2046 1636 hodie
2112 1589 2196 1635 ne
2263 1572 2581 1655 tragicum

496 1676 759 1760 quidem
824 1676 947 1740 hoc
1011 1677 1273 1741 nomine
1339 1677 1661 1740 exstitisse
1728 1694 1984 1758 cense0,
2064 1675 2177 1740 sed
2254 1676 2371 1740 hos
2450 1676 2580 1740 duo

494 1782 811 1862 senarios»,
881 1800 1085 1865 quum
1150 1800 1424 1865 gnomae
1490 1782 1586 1845 eis
1652 1781 2132 1863 contineantur,
2205 1780 2581 1866 philosopho

493 1882 873 1950 Demonacti
937 1884 1220 1950 tribuere
1286 1887 1403 1948 vix
1483 1884 1725 1950 dubito.
1841 1885 2009 1950 Sane
2084 1885 2255 1969 prior
2319 1903 2577 1950 versus:

491 1988 761 2071 ,θνητοὶ
810 2026 888 2035 —-
939 1985 1166 2061 &eoos-⁴
1228 1989 1307 2054 ab
1363 1992 1632 2074 antiquo
1686 1991 1927 2074 tragico
1995 1993 2251 2053 sumtus
2305 1989 2579 2072 videtur,

494 2098 567 2157 ut
632 2093 712 2157 ab
778 2093 1106 2178 Euripide.
1220 2093 1345 2158 Sed
1411 2093 1792 2159 Demonacti
1870 2095 2054 2158 licuit
2117 2093 2414 2159 versibus
2482 2096 2580 2158 uti

493 2199 684 2262 etiam
714 2198 957 2280 alieniS,
1002 2198 1241 2282 quippe
1274 2200 1389 2282 qui
1418 2199 1729 2283 plurimos
1757 2203 1974 2283 poetas
2002 2199 2310 2275 memoria
2338 2203 2583 2264 teneret

490 2302 776 2368 Luciano
824 2304 1041 2387 ‚iudice
1083 2305 1155 2366 in
1199 2301 1591 2368 Demonacte
1637 2324 1688 2367 c.
1732 2304 1777 2368 4
1818 2305 1997 2369 init:
2055 2313 2363 2385 ποιηταῖς
2423 2300 2582 2367 σι’·ν-

490 2429 734 2492 τροφος
778 2407 1031 2494 ἐγένετο
1077 2407 1183 2472 καὶ
1226 2412 1353 2472 τῶν
1398 2405 1720 2472 πλείστων
1763 2407 2123 2492 ἐμέμνητο.

666 2618 1004 2702 Δημῶναξ
1063 2613 1416 2701 ἐρωτηθεὶς
1470 2611 1638 2681 πότε
1694 2613 1933 2702 ἤρξατο
1995 2616 2411 2703 φιλοσοφεῖν·
2473 2616 2582 2682 ὅτε

492 2718 1057 2809 καταγιγνώσκειν,
1107 2723 1257 2804 ἔφη,
1309 2724 1602 2806 ἐμαυτοῦ
1647 2717 1974 2807 ἠρξάμην.

667 2827 840 2893 Stob.
888 2827 1054 2892 Flor.
1104 2825 1273 2910 Περὶ
1319 2831 1436 2890 τοῦ
1481 2830 1698 2912 γνῶθι
1743 2821 1991 2892 σαυτὸν
2032 2829 2126 2893 tit.
2176 2829 2283 2911 21,
2321 2828 2391 2893 8:
2439 2828 2581 2910 Δη-

491 2928 885 3015 advantage
969 2932 1182 3015 ,Λημ.
1235 2967 1318 2978 -
1363 2926 1721 3014 ἠρξάμην,
1793 2931 1908 2996 ubi
1975 2952 2091 3017 pro
2150 2927 2316 2996 πότε
2375 2932 2581 2996 codex

491 3037 554 3100 A
621 3037 811 3102 habet
875 3036 1144 3119 πηνίκα.
1261 3035 1347 3100 Et
1411 3037 1519 3099 hic
1590 3036 1849 3119 quidem
1917 3035 2330 3103 Demonactis
2395 3036 2581 3100 locus

494 3161 701 3225 quum
764 3142 1132 3227 praeclarus
1191 3144 1303 3223 est,
1370 3143 1511 3203 t'um
1569 3140 1733 3204 nihil
1793 3141 2026 3207 habere
2083 3142 2338 3206 videtur
2394 3140 2580 3205 dubi-

491 3247 768 3311 tationis.

1477 3349 1588 3415 IV.

656 3450 1126 3534 Ἐξεταζόντων
1198 3459 1389 3519 τινῶν
1469 3456 1530 3518 εἰ
1605 3450 1639 3518 ὅ
1723 3448 1973 3539 κόσμος
2055 3457 2379 3542 ἔμψυχος,
2475 3452 2580 3543 καὶ

493 3552 691 3633 αὖθις
736 3561 796 3623 εἰ
837 3555 1292 3645 σφαιροειδής·
1341 3555 1552 3643 ὑμεῖς,
1605 3563 1755 3644 ἔφη,
1805 3559 1955 3644 περὶ
1998 3562 2127 3643 μὲν
2157 3563 2279 3623 τοῦ
2322 3552 2583 3642 κόσμου

490 3664 1142 3751 πολυπραγμονεῖτε,
1228 3665 1377 3749 περὶ
1461 3662 1531 3729 δὲ
1604 3668 1724 3747 τῆς
1791 3668 2041 3729 ἑαυτῶν
2108 3660 2434 3747 ἀκοσμίας
2500 3658 2580 3727 οὐ

491 3767 878 3853 φροντίζετε.

665 3874 838 3940 Stob.
887 3874 1022 3939 Ecl.
1067 3875 1265 3956 Phys.
1314 3880 1376 3939 et
1430 3873 1576 3938 Eth.
1625 3873 1709 3957 ΙΙ,
1759 3875 1815 3956 1,
1864 3874 1966 3956 11,
2023 3872 2139 3937 ubi
2195 3874 2266 3937 in
2324 3871 2578 3936 Canteri

491 3980 768 4050 editione
811 4001 874 4065 p.
926 3980 1051 4047 156
1108 3982 1340 4045 lemma
1395 3973 1846 4062 Δημώνακτος
1904 3977 2093 4063 plane
2150 3976 2342 4059 deest,
2405 3977 2578 4060 quod

489 4105 669 4150 nunc
714 4085 879 4151 bene
920 4090 1245 4170 receptum
1295 4087 1391 4150 est
1435 4102 1470 4147 e
1514 4103 1712 4167 marg.
1761 4082 1897 4146 cod.
1932 4081 2418 4164 EscurialensiS,
2465 4083 2579 4165 qui

489 4191 561 4254 in
613 4195 799 4255 textu
856 4189 1049 4255 habet
1093 4186 1424 4272 δημώναξ.
1537 4186 1708 4251 Nam
1752 4185 2133 4252 Demonacti
2186 4186 2345 4250 haec
2388 4188 2580 4249 etiam

489 4294 817 4359 Antonius
863 4295 1189 4378 adjudicat
1231 4293 1429 4358 Serm.
1479 4285 1563 4357 37
1611 4312 1672 4375 p.
1719 4291 1824 4374 55,
1858 4292 1962 4374 17,
2010 4291 2124 4375 qui
2167 4291 2273 4355 hic
2321 4308 2580 4374 quoque

492 4397 837 4463 Stobaeum
903 4399 1245 4482 exscripsit
1309 4398 1530 4480 itaque
1557 4445 1566 4458 s
1595 4396 1782 4480 legit:
1840 4391 2091 4460 ’Ἁλλων
2157 4388 2578 4471 ἐξεταζόντων
