3099 5241
1287 414 1389 471 AD
1433 412 1831 472 Lucum.
2509 414 2594 471 n

510 593 695 674 paret
734 607 1004 676 parvam
1047 593 1304 656 tantum
1349 593 1414 656 et
1470 592 1883 675 perexiguam
1926 590 2193 657 Luciani
2233 592 2483 672 partem
2527 590 2593 656 in

510 694 634 759 1166
677 694 892 759 6611166
938 698 1258 761 servatam
1302 713 1460 760 esse.
1551 695 1702 760 hinc
1758 713 1975 760 rursus
2033 694 2323 777 emergit,
2376 696 2474 760 tot
2525 694 2593 760 in

511 798 697 863 libris
740 799 1027 877 Luciani,
1074 799 1141 863 111
1185 799 1416 881 quibus
1461 799 1973 866 Vindobonensis
2017 799 2072 863 B
2122 798 2313 881 plane
2359 798 2593 878 deficit,

513 903 868 968 necessario
916 903 998 968 ad
1042 903 1203 968 alios
1250 903 1499 969 codices
1525 903 2020 987 confugiendum
2059 919 2219 980 esse,
2262 902 2355 966 ita
2376 904 2595 968 tamen

514 1011 589 1072 ut
642 1007 868 1072 horum
924 1008 1272 1090 scripturas
1333 1007 1400 1072 in
1460 1007 1773 1090 corruptis
1832 1007 1992 1073 locis
2048 996 2285 1090 ubique
2353 1006 2595 1090 cogites

516 1110 733 1176 minua
773 1114 979 1176 certas
1023 1130 1142 1177 nec
1185 1115 1320 1177 tam
1364 1112 1582 1177 firmas
1628 1129 1786 1189 esse,
1854 1128 2045 1194 quam
2088 1110 2596 1177 Vindobonensis

515 1216 571 1280 B
628 1215 866 1281 ibidem
931 1216 1186 1282 futurae
1254 1219 1487 1296 essent,
1556 1216 1613 1281 si
1669 1217 1857 1281 modo
1925 1218 2265 1281 exstarent.
2368 1232 2596 1299 nempe

517 1319 723 1385 critici
767 1323 882 1398 est,
933 1320 999 1384 in
1042 1319 1203 1387 locis
1249 1319 1560 1403 suspectis
1606 1321 2028 1404 scepticorum
2071 1338 2247 1385 more
2299 1338 2337 1386 a
2379 1338 2596 1404 pravo,

518 1425 575 1489 si
620 1423 756 1489 fieri
798 1424 1020 1507 possit,
1081 1425 1451 1508 dignoscere
1506 1428 1754 1491 rectum
1809 1427 1999 1507 atque
2054 1424 2119 1488 id
2166 1426 2333 1507 quod
2376 1442 2598 1491 verum

518 1531 637 1608 est,
683 1546 1002 1612 quaerere.
1091 1529 1262 1611 quod
1304 1532 1519 1596 autem
1565 1547 1756 1612 supra
1801 1528 1948 1607 dixi,
1994 1528 2267 1594 alteram
2308 1529 2598 1596 codicum

516 1632 834 1698 familiam
878 1651 1194 1715 nusquam
1238 1633 1497 1716 impune
1540 1633 1787 1718 negligi
1829 1651 2035 1715 posse,
2090 1633 2156 1697 id
2212 1636 2277 1699 et
2331 1634 2412 1699 ad
2456 1651 2595 1700 cor·

516 1739 739 1820 ruptos
783 1737 958 1803 locos
1014 1737 1294 1820 pertinet
1352 1742 1417 1804 et
1475 1738 1559 1804 ad
1611 1737 1964 1804 mutilatos.
2054 1740 2120 1803 et
2163 1738 2231 1802 in
2275 1738 2408 1803 illis
2454 1737 2597 1821 qui-

520 1838 668 1906 dem
709 1840 1022 1924 majorem
1065 1842 1433 1907 molestiam
1478 1843 1538 1907 ei
1583 1845 1802 1909 creant
1846 1842 1992 1922 loci,
2038 1843 2149 1926 qui
2181 1859 2311 1907 non
2332 1841 2596 1908 fortuito

520 1946 849 2028 depravati
893 1949 1042 2011 sunt
1102 1946 1214 2011 sed
1257 1947 1428 2011 111616
1473 1947 1769 2013 correcti:
1830 1964 1981 2013 nam
2026 1947 2309 2013 codicem
2353 1946 2429 2024 Β,
2490 1946 2600 2029 11111

520 2049 744 2115 dolosa
788 2051 1177 2116 correctione
1221 2068 1347 2115 non
1394 2051 1588 2129 caret,
1632 2050 1842 2132 ipsum
1876 2068 2124 2134 quoque
2166 2050 2272 2116 hic
2316 2050 2455 2116 illic
2497 2050 2597 2116 in·

517 2154 910 2237 terpolatum
955 2172 1095 2219 esse
1152 2173 1280 2219 non
1321 2153 1493 2238 fugit
1536 2154 1610 2219 E.
1657 2154 1976 2220 Rohdium
2022 2154 2116 2239 (111
2163 2154 2399 2234 ,Ι1111166
2442 2153 2599 2219 Ρ111-

517 2257 740 2341 lologi‘
784 2276 870 2324 m.
921 2257 1138 2345 Octbr.
1186 2258 1358 2324 1872
1403 2257 1516 2323 Nr.
1567 2257 1651 2322 10
1691 2276 1753 2341 p.
1799 2256 1975 2345 489).
2067 2259 2158 2324 116
2200 2258 2268 2324 111
2310 2258 2386 2324 D.
2408 2257 2599 2323 Mort.

518 2363 574 2441 Ι,
620 2362 683 2442 3,
727 2362 839 2428 ubi
860 2363 915 2427 Β
954 2380 1204 2446 1111611116
1249 2361 1682 2446 conjecturam
1725 2361 1920 2429 habet
1936 2381 2329 2446 perversam:
2375 2356 2598 2427 πάντα

517 2463 647 2548 μία
688 2462 857 2550 ἡμῖν
898 2460 1099 2543 κόνις,
1151 2467 1356 2532 altera
1399 2466 1663 2532 alterius
1688 2466 1973 2534 familiae
2016 2466 2423 2550 interpolatio
2461 2483 2598 2533 om—

519 2587 669 2636 nem
736 2570 957 2636 eximit
1023 2569 1506 2637 dubitationem.
1595 2569 1687 2636 ibi
1753 2571 1925 2637 enim
1989 2575 2375 2639 correctores
2442 2571 2599 2637 duas

518 2674 844 2740 codicibus
886 2675 1244 2741 intulerunt
1287 2675 1685 2759 conjecturas
1738 2676 1931 2758 plane
1988 2676 2137 2743 illas
2198 2676 2455 2761 quidem
2500 2675 2598 2741 di-

518 2797 760 2859 versas,
806 2779 1026 2846 ambas
1070 2782 1288 2845 tamen
1347 2780 1593 2845 similes
1650 2780 1983 2846 literarum
2040 2780 2334 2847 ductibus
2378 2779 2599 2845 arche-

521 2884 682 2967 typi.
771 2884 839 2948 in
882 2884 1085 2950 altero
1108 2901 1340 2968 genere
1368 2885 1720 2951 cavendum
1745 2888 1860 2964 est,
1904 2904 1985 2950 ne
2008 2885 2369 2951 Lucianeus
2392 2900 2599 2949 sermo

520 2988 874 3053 recentium
931 2988 1223 3054 codicum
1288 2989 1743 3054 additamentis
1808 2989 1998 3055 malis
2055 2989 2226 3054 male
2286 2989 2600 3066 oneretur,

522 3109 688 3174 111166
729 3109 768 3157 6
809 3091 976 3157 libro
998 3092 1053 3157 B
1100 3092 1337 3174 optime
1359 3091 1594 3158 absunt
1617 3093 1849 3171 omnia,
1895 3110 2055 3158 neve
2078 3093 2188 3176 qui
2229 3091 2359 3157 loci
2378 3109 2600 3173 reapse

522 3196 760 3280 integri
780 3199 949 3276 sunt,
992 3213 1107 3278 pro
1129 3196 1379 3262 mutilis
1400 3199 1640 3262 temere
1660 3196 2035 3263 habeantur.
2123 3199 2193 3262 at
2235 3213 2384 3262 vero
2429 3195 2599 3261 idem

525 3300 720 3365 codex
762 3300 817 3364 B
864 3317 1085 3365 eorum
1129 3317 1376 3383 quoque
1437 3300 1906 3380 omissionibus,
1962 3318 2123 3383 quae
2181 3300 2353 3365 haud
2410 3298 2599 3370 dubie

524 3403 607 3469 ab
674 3404 810 3486 ipso
883 3405 1163 3470 Luciano
1232 3403 1469 3487 scripta
1533 3408 1734 3483 erant,
1813 3423 2263 3488 saepenumero
2329 3403 2599 3471 laborat.

526 3525 982 3590 nonnunquam
1041 3511 1260 3573 tamen
1314 3508 1590 3574 feliciter
1650 3508 1897 3588 cecidit,
1958 3513 2032 3575 ut
2075 3526 2237 3592 111166
2296 3508 2489 3574 verba
2532 3508 2602 3573 in

525 3611 643 3677 illo
686 3612 742 3676 B
786 3612 957 3677 male
1000 3612 1364 3690 exciderint,
1410 3614 1634 3679 eadem
1677 3613 1744 3678 in
1789 3614 2052 3679 alterius
2075 3612 2361 3679 familiae
2384 3612 2600 3678 codice

524 3715 851 3798 praeclare
910 3719 1163 3781 servata
1219 3716 1365 3781 sint.
1454 3716 1722 3800 longum
1780 3721 1879 3784 est
1935 3718 2294 3801 complures
2336 3717 2600 3783 lacunas

527 3823 718 3887 antea
770 3839 853 3885 ne
898 3820 1371 3886 animadversas
1430 3822 1708 3903 quidem,
1764 3839 1925 3905 quae
1984 3839 2154 3887 nunc
2213 3840 2247 3885 e
2292 3821 2472 3887 661111.
2517 3819 2598 3887 ab

526 3943 631 3989 me
689 3927 862 3990 certo
923 3924 1210 4007 expletae
1268 3928 1439 4004 sunt,
1503 3926 1610 3991 hic
1674 3928 2064 4008 pertractare
2131 3925 2413 4009 satisque
2481 3924 2602 3991 erit

527 4048 725 4095 unum
769 4029 1123 4095 alterumve
1166 4029 1536 4114 hujusmodi
1579 4031 1940 4113 exemplum
1960 4029 2268 4112 posuisse,
2311 4029 2493 4095 velut
2532 4029 2601 4093 in

526 4133 647 4199 hoc
690 4133 827 4216 ipso
883 4134 1206 4199 volumine
1265 4153 1327 4218 p.
1374 4134 1460 4201 36
1502 4135 1584 4200 D.
1630 4133 1710 4199 D.
1757 4134 1904 4213 XII,
1950 4134 1992 4200 2
2051 4137 2120 4199 et
2159 4153 2218 4216 p.
2263 4132 2344 4198 81
2391 4132 2473 4199 D.
2518 4133 2597 4198 D.

528 4237 728 4317 XXV,
775 4237 817 4303 2
874 4241 942 4304 et
983 4258 1044 4321 p.
1096 4238 1221 4305 194
1264 4239 1343 4304 D.
1388 4238 1579 4305 Mort.
1626 4239 1678 4317 Ι,
1725 4239 1768 4303 2
1811 4238 1919 4304 fin.
2010 4238 2122 4304 sed
2176 4237 2477 4320 quoniam
2536 4239 2602 4302 et

528 4342 771 4409 amicus
815 4343 1076 4409 modum
1129 4344 1196 4409 in
1236 4344 1487 4409 lacunis
1532 4362 1636 4408 me
1679 4344 1961 4410 tenuisse
2016 4340 2255 4409 alicubi
2295 4343 2493 4426 negat
2533 4344 2603 4406 61
