3099 5241
1400 427 1657 479 ΤΙΜΩΝ.
2409 397 2551 470 157

479 595 834 663 Δαναΐδων
911 596 1126 663 πίθον
1196 594 1678 684 ὑδροφορήσειν
1740 623 1861 684 μοι
1927 597 2095 665 δοκῶ
2158 598 2267 664 καὶ
2330 595 2559 683 μάτην

478 697 930 785 ἐπαντλήσειν,
1000 707 1123 767 τοῦ
1179 702 1530 784 πυθμένος
1588 698 1685 787 μὴ
1750 704 2112 791 στέγοντος,
2187 700 2341 768 ἀλλά
2401 703 2561 787 πρὶν

480 808 837 891 εἰσρυῆναι,
891 802 1118 893 σχεδὸν
1161 807 1699 893 ἐκχυθησομένου
1722 813 1838 872 τοῦ
1871 808 2303 893 ἐπιρρέοντος·
2356 807 2559 881 οὕτως

481 905 822 995 εὐρύτερον
886 906 962 974 τὸ
1019 906 1186 994 πρὸς
1239 906 1366 993 τήν
1422 912 1674 998 ἔκχυσιν
1727 908 1990 999 κεχηνὸς
2031 917 2147 977 τοῦ
2195 911 2412 976 πίθου
2452 909 2561 975 καὶ

481 1010 802 1087 ἀκώλυτος
845 1010 885 1096 ἡ
937 1012 1178 1088 ἔξοδος.
1277 1015 1376 1081 19.
1441 1014 1712 1080 ΖΕΥΣ.
1778 1012 2019 1080 οὐκοῦν
2063 1018 2123 1081 εἰ
2160 1013 2257 1100 μή
2306 1011 2560 1100 ἐμφρά-

480 1121 651 1192 ξεται
692 1115 767 1182 τό
812 1115 1077 1204 κεχηνὸς
1120 1122 1318 1183 τοῦτο
1364 1118 1471 1183 καί
1514 1116 1591 1183 τὸ
1639 1116 1916 1194 εἰσάπαξ
1969 1118 2556 1205 ἀναπεπταμένον,

481 1222 864 1309 ἐκχυθέντος
923 1226 989 1286 ἐν
1045 1227 1271 1310 βραχεῖ
1326 1246 1447 1288 σου
1491 1221 1725 1308 ῥᾳδίως
1770 1221 2027 1308 εὑρήσει
2069 1220 2194 1309 τήν
2238 1223 2564 1310 διφθέραν

483 1319 681 1401 αὖθις
744 1327 851 1390 καὶ
909 1322 1037 1410 τὴν
1093 1324 1384 1392 δίκελλαν
1438 1331 1510 1391 ἐν
1568 1333 1650 1413 τῇ
1705 1328 1887 1415 τρυγὶ
1930 1333 2053 1394 τοῦ
2092 1326 2329 1393 πίθου.
2425 1324 2561 1391 ἀλλ’

484 1428 675 1495 ἄπιτε
739 1428 868 1514 ἤδη
936 1430 1044 1495 καί
1104 1430 1478 1510 πλουτίζετε
1537 1428 1764 1497 αὐτόν·
1842 1429 1922 1496 σύ
1983 1430 2054 1497 δὲ
2108 1432 2444 1516 μέμνησο,
2518 1424 2564 1495 ὦ

473 1531 717 1619 Ἑρμῆ,
791 1530 1080 1600 ἐπανιών
1145 1532 1312 1619 πρὸς
1374 1532 1557 1619 ἡμᾶς
1623 1532 1802 1622 ἄγειν
1859 1531 2014 1609 τούς
2067 1531 2442 1608 Κύκλωπας
2495 1537 2563 1599 ἐκ

480 1644 600 1722 τῆς
644 1642 921 1723 Αἴτνης,
988 1639 1167 1713 ὅπως
1209 1636 1330 1705 τόν
1372 1635 1693 1724 κεραυνὸν
1737 1636 2177 1722 ἀκονήσαντες
2220 1635 2564 1704 ἐπισκευά-

485 1764 707 1809 σωσιν·
780 1741 864 1817 ὡς
916 1741 1046 1827 ἤδη
1102 1768 1176 1831 γε
1233 1745 1658 1831 τεθηγμένου
1702 1742 1903 1809 αὐτοῦ
1953 1740 2363 1829 δεησόμεθα.
2459 1744 2562 1809 20.

484 1848 710 1914 ΕΡΜ.
777 1851 1140 1933 προΐωμεν,
1192 1843 1238 1912 ὦ
1289 1846 1571 1913 Πλοῦτε.
1666 1846 1731 1914 τί
1770 1853 1968 1913 τοῦτο
1982 1875 2008 1927 ,·
2055 1851 2096 1889 ³*
2141 1843 2526 1925 ὑποσκάζεις
2539 1872 2565 1927 ,·

485 1947 809 2034 ἐλελήθεις
873 1977 986 2037 με,
1059 1947 1107 2016 ὦ
1151 1950 1462 2038 γεννάδα,
1537 1949 1611 2016 οὗ
1659 1949 1899 2037 τυφλὸς
1940 1948 2182 2036 μόνον,
2259 1947 2414 2015 ἀλλά
2462 1949 2568 2015 καὶ

483 2051 680 2141 χωλὸς
736 2053 845 2121 ὤν.
941 2056 1309 2122 ΠΛΟΥΤ.
1384 2055 1524 2121 οὗκ-
1561 2054 1661 2122 ἀεὶ
1720 2063 1940 2134 τοῦτο,
2015 2050 2062 2122 ὦ
2110 2054 2354 2142 “Ερμη”,
2429 2053 2566 2121 ἀλλ’

487 2156 743 2225 ὁπόταν
800 2162 929 2244 μὲν
989 2157 1159 2225 ἀπίω
1221 2158 1403 2246 παρά
1459 2184 1607 2226 τινα
1653 2160 1990 2246 πεμφθεὶς
2033 2155 2169 2225 ὑπὸ
2214 2165 2336 2225 τοῦ
2382 2155 2563 2237 Διὸς,

489 2261 605 2327 οὐκ
665 2260 790 2327 οἶδ’
855 2263 1032 2337 ὅπως
1082 2262 1331 2349 βραδύς
1388 2266 1524 2347 εἰμι
1580 2264 1685 2328 καὶ
1742 2261 1939 2353 χωλὸς
1997 2261 2415 2349 ἀμφοτέροις,
2484 2260 2569 2337 ὥς

485 2365 674 2451 μόλις
729 2368 933 2432 τελεῖν
992 2367 1099 2433 ἐπὶ
1155 2365 1231 2432 τὸ
1293 2368 1526 2453 τέρμα,
1597 2365 2144 2456 προγηράσαντος
2202 2365 2409 2433 ἐνίοτε
2448 2373 2565 2433 τοῦ

488 2537 889 2609 ὖδροφορημοι
927 2538 1075 2594 δοκῶ
1111 2545 1154 2593 0
1191 2541 1291 2610 (ita.
1328 2541 1413 2610 0).
1569 2541 1669 2594 τοῦ
1717 2540 1912 2599 κύτους
1944 2561 1978 2597 v
2025 2545 2081 2596 et
2112 2541 2338 2596 fortasse
2375 2543 2436 2607 P,
2466 2541 2565 2596 τοῦ

486 2627 728 2696 κύματος
772 2629 1112 2691 AP0L52522,
1168 2629 1266 2682 τοῦ
1315 2629 1412 2696 τῆς
1461 2626 1731 2696 ἐπιρροῆς
1777 2628 2016 2697 κύματος
2062 2631 2128 2694 R,
2178 2630 2314 2684 male
2360 2631 2569 2685 intruso

488 2716 690 2769 scholio
735 2716 997 2770 Vossiano
1043 2716 1232 2771 hoece:
1280 2715 1379 2768 τοῦ
1429 2713 1816 2784 ἐπιρρέοντοςς
1869 2716 1967 2782 τῆς
2011 2715 2295 2784 ἐπιρροῆς.
2372 2716 2468 2771 sed
2511 2717 2571 2771 in

488 2803 709 2871 antiqua
741 2803 969 2857 lectione
1005 2807 1058 2854 Κ
1062 2803 1368 2858 YMATOC
1414 2820 1523 2857 non
1556 2803 1774 2871 vulgata.
1816 2803 1952 2857 latet
1983 2819 2166 2858 verum
2212 2803 2271 2857 id
2305 2803 2446 2873 quod
2480 2820 2570 2858 su-

487 2905 585 2958 pra
616 2889 774 2957 posui
808 2890 1240 2944 ΠΤΘΜΕΝΟΟ.
1310 2890 1431 2945 vide
1464 2891 1641 2944 locum
1685 2890 1843 2959 plane
1888 2889 2169 2958 gemellum
2211 2890 2270 2943 in
2310 2891 2376 2944 D.
2411 2891 2570 2945 Mort.

487 2975 585 3041 XI,
618 2977 682 3030 4:
715 2974 815 3028 τοῦ
848 2978 1136 3044 πυθμένος
1170 2980 1381 3046 στέγειν
1417 2975 1480 3038 οὗ
1522 2973 1850 3044 δυναμένου,
1906 2972 2028 3029 οἷόν
2076 2995 2134 3027 τι
2173 2974 2476 3042 πάσχουσιν
2513 2973 2579 3027 αἱ

488 3060 589 3114 τοῦ
626 3060 849 3115 Δαναοῦ
890 3052 1057 3115 αὗται
1090 3065 1377 3132 παρθένοι
1412 3083 1460 3116 κ.
1501 3083 1549 3116 τ.
1592 3062 1636 3114 ἑ.
1784 3061 2141 3133 ἐπιρρέοντος
2176 3060 2365 3125 οὕτως,
2405 3063 2571 3116 inter-

488 3151 749 3219 punctum
780 3149 841 3203 in
873 3149 956 3204 be.
1026 3167 1121 3220 pro
1160 3149 1335 3207 οὕτως
1370 3148 1487 3219 εὕρ.
1528 3151 1800 3219 exspectes
1836 3146 2083 3216 τοσούτῳ
2121 3148 2255 3218 (sive
2286 3147 2445 3215 παρὰ
2475 3167 2571 3201 το-

493 3233 712 3303 σοῦτον)
750 3233 1065 3304 εὐρύτερον.
1141 3239 1199 3291 at
1230 3237 1562 3292 Abresohius
1596 3237 1746 3291 L'ect.
1783 3236 2050 3291 Aristasn.
2086 3236 2147 3291 H
2179 3254 2233 3306 p.
2252 3239 2354 3292 283
2391 3238 2448 3290 et
2466 3235 2570 3289 Lo-

489 3324 709 3378 beokius
762 3323 830 3377 ad
873 3324 1073 3393 Phryn.
1122 3342 1175 3393 p.
1213 3327 1319 3380 424
1365 3340 1486 3379 oum
1528 3326 1711 3378 nostro
1764 3324 1800 3378 1.
1850 3324 1986 3378 bene
2033 3322 2314 3378 conferunt
2357 3322 2569 3377 Phalar.

490 3411 664 3480 Epist.
704 3413 830 3467 128:
868 3408 1011 3462 οὕτω
1049 3409 1341 3479 νεώτερον.

634 3500 715 3554 19.
788 3492 843 3549 εἰ
871 3495 949 3564 μὴ
986 3497 1205 3556 ΑΩΩςιΡ
1252 3501 1307 3552 ot
1339 3516 1387 3562 v,
1433 3495 1503 3563 ἢν
1536 3496 1613 3565 μὴ
1656 3498 1823 3552 ΟΨΒ.
1987 3493 2347 3566 ἕμφράξηται
2378 3496 2576 3552 ΑΟΨΒ

493 3588 550 3639 et
581 3603 629 3648 V,
664 3584 760 3638 sed
792 3586 936 3639 rect-e
972 3581 1322 3652 ἐμφράξεται
1354 3585 1587 3642 PL5292.
1733 3579 1810 3641 εἷς
1842 3584 1907 3637 τὸ
1948 3582 2099 3645 ἅπαξ
2132 3604 2179 3648 v,
2230 3582 2282 3640 ἐς
2319 3583 2384 3636 τὸ
2424 3580 2576 3644 ἅπαξ

492 3671 972 3730 ΑΕΝΟΨΩΩςΡΒ.
1046 3671 1206 3726 verba
1238 3670 1300 3722 τὸ
1339 3670 1649 3737 κεχηνὸς-
1670 3669 2133 3738 ἀναπεπταμένον
2155 3670 2328 3725 adfert
2347 3670 2574 3738 Thomas

491 3776 544 3828 p.
580 3760 700 3822 218,
747 3758 843 3812 ubi
890 3753 966 3813 εἰς
1009 3758 1072 3811 τὸ
1114 3755 1264 3818 ἅπαξ
1297 3759 1474 3827 vulg0‚
1522 3758 1618 3812 sod
1653 3756 1708 3814 ἐς
1740 3757 1803 3811 τὸ
1846 3755 1997 3819 ἅπαξ
2032 3757 2241 3812 codices
2274 3759 2403 3811 tres.
2476 3772 2576 3824 ego

494 3845 684 3899 Cobeti
717 3846 776 3898 in
809 3846 876 3899 V.
914 3845 977 3899 L.
1014 3863 1066 3914 p.
1105 3848 1212 3901 222
1246 3846 1627 3915 conjecturam:
1674 3843 1738 3897 τὸ
1790 3839 2030 3905 εἰσάπαξ
2074 3844 2266 3914 recepi,
2315 3859 2477 3912 quum
2516 3842 2577 3896 in

495 3933 733 3999 Quaesttss
771 3932 835 3986 L.
872 3949 924 4002 p.
965 3934 1033 3988 68
1079 3931 1208 3986 huie
1253 3932 1385 3986 vitio
1429 3932 1630 3986 mederi
1675 3931 1877 3986 frustra
1923 3931 2263 3985 studuissem.
2337 3924 2576 3990 εἰσάπαξ

492 4021 552 4083 in
596 4020 713 4089 ipso
750 4019 969 4073 Timone
1004 4019 1035 4086 ἕ
1070 4021 1139 4074 45
1176 4021 1363 4083 exstat,
1417 4022 1476 4073 at
1518 4017 1572 4075 ἐς
1619 4017 1682 4071 τὸ
1724 4016 1875 4080 ἅπαξ
1920 4033 2183 4088 nusquam
2227 4017 2350 4086 legi,
2404 4033 2575 4086 neque

494 4106 717 4161 atticum
753 4103 806 4161 ἐς
838 4105 901 4157 τὸ
940 4104 1198 4174 πρόσθεν
1234 4122 1535 4175 comparare
1571 4106 1715 4160 lieet.

633 4195 717 4248 20.
788 4196 914 4262 post
945 4194 1004 4245 τί
1033 4192 1201 4245 τοῦτο
1250 4194 1583 4263 interpunxit
1615 4191 2072 4248 Hemsterhusius.
2143 4192 2203 4243 τί
2231 4189 2398 4243 τοῦτο
2437 4187 2574 4242 ὕπο-

496 4277 739 4347 σιιάζεις;
777 4298 823 4335 v.
969 4277 1181 4333 ὁπόταν
1215 4279 1316 4347 μὲν
1353 4296 1439 4333 om
1473 4280 1538 4334 R.
1685 4276 1786 4331 οὒκ
1823 4274 1953 4331 οἶδα
1991 4274 2140 4341 ὅπως
2161 4277 2330 4332 ΑΟΨ.
2384 4323 2391 4332 .
2470 4273 2574 4343 μό-

496 4364 576 4424 λις
607 4367 881 4426 ΑΨΡΩΩ,
915 4370 971 4421 ot
1003 4386 1051 4433 v,
1085 4365 1245 4435 μόγις
1282 4367 1439 4422 oLR.
1600 4362 1781 4420 τελεῖν
1813 4364 1915 4420 Ao
1952 4363 2048 4433 (ita
2078 4361 2145 4432 0)
2188 4364 2406 4423 ΨΩΩςΒ,
2438 4366 2495 4418 et
2527 4381 2575 4429 v,

2604 1858 2705 1913 130
