3099 5241
1201 393 1302 450 AD
1349 390 1753 452 LUOIANUM.
2393 393 2528 450 m
2591 416 2604 421 -

436 567 727 633 carmine
769 556 1132 647 amoebaeo,
1192 570 1305 633 aut
1349 568 1500 650 quid
1540 567 1648 633 lex
1690 568 1917 633 horum
1965 567 2321 634 carminum
2377 586 2526 652 pos-

437 675 562 750 cat,
623 670 789 737 nihil
847 672 1029 755 pensi
1082 671 1325 738 habuit.
1415 684 1568 737 nam
1635 672 1701 737 in
1759 673 2020 755 stropha
2077 692 2135 740 v,
2182 672 2527 739 786—792

432 775 726 841 Melanio
786 776 994 841 dictus
1056 779 1193 842 erat
1250 775 1317 841 in
1364 778 1615 843 deserta
1662 777 2020 856 secessisse,
2080 778 2148 844 in
2204 777 2529 843 montibus

434 883 709 946 venatus
755 898 895 945 esse
940 883 1005 945 et
1049 898 1298 963 semper
1341 880 1580 946 ibidem
1624 880 1970 966 habitasse,
2014 882 2106 947 ita
2146 885 2219 948 ut
2242 901 2366 965 quo
2391 884 2529 948 erat

433 986 782 1051 mulierum
828 985 994 1063 odio,
1058 985 1316 1051 domum
1359 1004 1688 1070 nunquam
1729 988 2170 1052 reverteretur.
2259 986 2439 1070 atqui
2460 986 2527 1051 in

435 1090 796 1169 Timonem,
853 1108 928 1154 ex
973 1108 1099 1172 quo
1143 1090 1420 1173 primum
1465 1089 1623 1156 urbe
1669 1088 1941 1156 Athenis
1987 1089 2211 1170 caruit,
2271 1109 2527 1174 prorsus

430 1193 612 1259 idem
678 1194 905 1258 cadere
975 1212 1169 1276 quum
1237 1195 1495 1260 aliunde
1563 1196 1705 1259 tum
1776 1213 1811 1259 e
1881 1194 2145 1260 Lucian.
2259 1194 2525 1259 Timone

434 1297 475 1381 g
521 1297 609 1363 42
653 1317 787 1380 sqq.
832 1296 1239 1363 notissimum
1286 1301 1402 1364 est.
1490 1298 1756 1391 hoccine
1800 1298 1868 1363 in
1914 1298 2308 1391 antistrophe
2335 1299 2526 1382 plane

434 1402 654 1468 omitti
709 1403 992 1484 potuisse
1053 1421 1258 1485 neque
1315 1403 1665 1486 quidquam
1723 1403 1799 1468 de
1863 1403 2130 1468 Timone
2190 1402 2316 1470 nisi
2368 1403 2527 1470 haec

300 1566 315 1571 -
434 1506 613 1572 dicta
672 1524 830 1585 esse,
890 1502 1074 1592 ᾤχεθ’
1140 1502 1275 1571 ὑπὸ
1332 1503 1572 1590 μίσους
1592 1510 1626 1574 2³
1717 1507 1900 1590 quasi
1958 1525 2087 1573 non
2147 1506 2423 1587 licuerit,
2470 1507 2525 1573 si

433 1611 697 1694 quando
759 1611 891 1677 odii
947 1611 1180 1695 plenus
1241 1610 1507 1690 abierat,
1572 1611 1778 1677 eidem
1823 1628 1968 1678 mox
2012 1610 2302 1678 Athenas
2344 1615 2524 1695 post-

429 1715 686 1780 liminio
743 1715 995 1781 reverti.
1102 1715 1260 1780 olim
1317 1717 1533 1781 autem
1589 1732 1948 1800 anonymus
2004 1734 2169 1781 unus
2225 1716 2523 1798 pluresve

431 1819 608 1901 apud
670 1819 965 1884 Bisetum
1031 1819 1123 1885 ita
1187 1820 1407 1886 locum
1473 1820 1757 1903 suppleri
1820 1819 2060 1885 voluit:
2129 1815 2316 1906 ᾤχεθ’
2385 1814 2522 1885 ὐπὸ

428 1923 699 2007 μίσους,
741 1931 753 2002 Ι
792 1918 1073 2006 [κούκέτι
1117 1922 1479 2007 κατῆλθεν]
1520 1919 1732 1988 πολλὰ
1781 1960 1884 2008 —,
1941 1941 2134 2008 quam
2178 1923 2521 1989 divinatio-

429 2047 587 2093 nem
627 2029 995 2093 Hermanno
1035 2027 1261 2112 juveni
1303 2028 1402 2093 De
1446 2028 1675 2093 Metris
1719 2047 1781 2111 p.
1826 2027 1956 2093 368
2025 2026 2149 2093 soli
2207 2026 2519 2110 probavit.

431 2151 512 2198 ac
555 2131 720 2198 bene
763 2149 1117 2216 anonymus
1160 2135 1308 2215 post
1353 2131 1547 2199 verba
1591 2127 1726 2196 ὑπὸ
1769 2129 2010 2216 μίσους
2053 2149 2310 2197 versum
2347 2132 2521 2198 inse-

428 2236 586 2316 ruit,
630 2235 790 2301 bene
837 2237 1034 2301 etiam
1078 2236 1142 2301 id
1189 2238 1356 2321 quod
1404 2237 1694 2321 elapsum
1739 2238 1856 2314 est,
1928 2254 2004 2302 ex
2064 2236 2208 2319 ipsa,
2262 2236 2522 2320 stropha

430 2340 802 2424 suppletum
846 2340 1067 2406 voluit.
1160 2341 1273 2406 sed
1316 2340 1486 2405 male
1531 2340 1704 2405 idem
1746 2339 1940 2406 verba
1995 2335 2130 2405 ὑπὸ
2174 2337 2412 2424 μίσους
2456 2344 2520 2407 et

430 2441 651 2509 οὐκέτι
713 2442 1005 2526 κατῆλθε
1072 2444 1395 2527 separavit
1477 2447 1542 2510 et
1620 2443 1892 2522 divellit,
1974 2461 2136 2528 quae
2212 2446 2386 2510 arcte
2450 2444 2517 2510 in

430 2548 695 2632 stropha
740 2548 1080 2614 cohaerent
1121 2568 1183 2615 v.
1232 2546 1394 2614 792:
1441 2544 1692 2611 κούκέτι
1736 2546 2026 2632 κατῆλθε
2066 2543 2263 2611 πάλιν
2305 2545 2514 2612 οἴκαδ’

426 2649 569 2718 ὑπὸ
611 2652 873 2737 μίσους.
971 2671 1120 2738 ergo
1165 2656 1400 2732 manet,
1447 2651 1943 2736 Aristophanem
1965 2649 2292 2735 ita'potius
2317 2653 2517 2735 scrip-

428 2759 613 2837 sisse,
660 2761 734 2823 ut
764 2758 903 2841 jam
948 2758 1105 2823 olim
1150 2757 1424 2823 correxi:
1470 2754 1683 2844 ᾤχεθ’,
1733 2752 1870 2821 ὑπὸ
1912 2755 2156 2842 μίσους
2198 2752 2277 2840 [τ’
2307 2753 2518 2822 οὐκέτι

424 2863 821 2945 numam]
859 2857 1070 2927 πολλά
1123 2898 1221 2926 -.
1314 2865 1513 2927 restat
1557 2882 1615 2927 v.
1662 2861 1821 2926 818:
1872 2860 2041 2925 οὕτω
2089 2871 2299 2934 κεῖνος
2319 2856 2512 2945 ὑμῶν

430 2964 791 3050 ἀντεμίσει,
841 2966 952 3032 ubi
996 2965 1327 3032 Dobraeus
1371 2962 1553 3049 ὑμᾶς
1598 2961 1951 3049 ἀντεμίσει,
2001 2965 2316 3049 Bergkius
2350 2960 2513 3047 ἡμῖν

430 3067 791 3154 ἀντεμίσει,
842 3070 1202 3136 Meinekius
1238 3066 1402 3155 ὑμῖν
1425 3066 1762 3154 ἀντεμίσει
1783 3069 2211 3153 conjecerunt.
2302 3069 2516 3149 laud0,

428 3175 602 3259 quod
647 3170 835 3257 ὑμῶν
877 3174 1174 3241 viderunt
1216 3174 1593 3240 mendosum
1639 3193 1798 3254 esse,
1842 3174 2051 3258 magis
2094 3174 2286 3239 laudo
2308 3174 2512 3258 Berg-

426 3280 611 3345 kium
629 3328 646 3360 ,
714 3279 823 3361 qui
889 3279 1274 3346 sententiam
1345 3296 1594 3362 quoque
1660 3279 2002 3344 adsecutus
2070 3278 2185 3344 sit:
2254 3278 2514 3344 tametsi

425 3381 600 3469 ἡμῖν
660 3384 727 3448 in
786 3384 1009 3468 lingua
1075 3402 1307 3468 graeca
1348 3402 1676 3467 nunquam
1721 3383 1985 3449 denotat
2025 3379 2194 3466 ἡμῖν
2237 3378 2505 3467 ὁμοίως,

424 3492 505 3555 ut
549 3488 687 3573 ipse
730 3488 954 3554 voluit.
1042 3505 1163 3573 ego
1221 3507 1417 3571 quum
1475 3488 1780 3555 vidissem
1848 3487 1928 3554 ob
1987 3486 2166 3571 leges
2212 3486 2511 3552 carminis

428 3592 765 3659 amoebaei
806 3592 926 3658 hoc
970 3592 1112 3658 loco
1159 3592 1329 3658 idem
1377 3592 1717 3671 dicendum
1762 3610 1923 3671 esse,
1968 3591 2136 3675 quod
2160 3591 2227 3656 in
2253 3590 2513 3673 stropha

427 3700 643 3763 exstat
696 3715 752 3763 v.
818 3696 981 3762 795:
1042 3707 1255 3768 κεῖνος
1308 3692 1503 3780 ἡμεῖς
1545 3692 1596 3760 τ’
1647 3692 1838 3761 οὐδὲν
1882 3686 2110 3779 ἧττον,
2170 3694 2310 3779 jam
2355 3694 2511 3761 olim

425 3803 526 3869 ita
569 3800 932 3868 emendavi:
962 3800 1148 3866 ὀὕτω
1193 3810 1402 3873 κεῖνος
1443 3796 1642 3885 ἡμῶν
1686 3789 1836 3865 «ἵεντ’θ
1870 3798 2079 3885 ἐμίσει
2138 3802 2204 3865 et
2265 3800 2510 3865 contuli

425 3906 518 3972 JL
564 3901 653 3982 ὦ,
689 3905 834 3972 254.
879 3906 1060 3985 adeo,
1107 3905 1331 3989 inquit,
1377 3906 1491 3970 ille
1534 3906 1776 3988 pariter
1819 3923 1894 3971 ac
1938 3923 2055 3970 nos
2086 3904 2229 3969 odio
2264 3922 2512 3987 semper

425 4010 712 4077 habebat
775 4010 947 4076 viros
1011 4010 1348 4093 improbos,
1436 4010 1622 4094 cujus
1688 4011 2092 4095 conjecturae
2160 4028 2231 4075 eo
2299 4009 2509 4075 minus

428 4116 739 4199 poenitet,
786 4115 954 4198 quod
976 4115 1069 4180 ita
1103 4116 1340 4199 legisse
1385 4115 1673 4197 suspicor
1717 4116 2129 4181 scholiastam
2173 4115 2351 4193 Rav.,
2400 4116 2509 4197 qui

426 4220 555 4285 ita:
603 4215 753 4283 ὡσεὶ
775 4215 967 4303 ἡμεῖς
989 4215 1188 4304 ὑμᾶς.
1263 4238 1425 4303 quae
1450 4238 1647 4302 quum
1669 4220 1762 4285 ita
1785 4221 1935 4300 sint,
1964 4222 2213 4302 partem
2233 4218 2507 4301 priorem

427 4324 734 4389 carminis
781 4324 1110 4390 amoebaei
1152 4324 1247 4390 ita
1271 4323 1548 4390 maxime
1574 4324 2016 4409 corrigendam
2040 4342 2178 4390 esse
2201 4322 2504 4389 arbitror:
