3099 5241
1275 444 1779 502 PEDESTRIBUS.
2182 452 2187 456 ’
2384 448 2568 504 CXIII

478 618 652 683 Illud
694 639 845 685 vero
890 639 1024 684 non
1068 621 1234 686 male
1279 622 1475 705 addit,
1536 642 1759 688 omnes
1804 624 2120 708 sophistas
2163 625 2236 688 in
2279 624 2566 690 Platonis

482 722 703 788 odium
773 724 853 789 ob
919 745 1185 809 pravam
1249 745 1501 791 morum
1572 728 1924 792 doctrinam
1992 734 2055 794 et
2113 748 2304 794 verae
2364 729 2567 813 philo-

485 830 746 913 sophiae
801 831 1126 895 inscitiam
1180 832 1559 914 incurrisse,
1615 852 1829 917 neque
1888 833 2088 898 alium
2144 835 2568 898 tummaxime

483 935 829 1019 sophistam
875 936 1151 1001 Athenis
1194 940 1445 1020 praesto
1489 935 1712 1020 fuisse,
1770 940 1879 1002 cui
1923 939 2068 1003 talis
2123 958 2376 1003 morum
2429 946 2570 1023 per-'

483 1041 747 1104 versitas
805 1041 933 1105 nisi
990 1043 1207 1126 inepte
1265 1040 1464 1125 tribui
1521 1043 1818 1125 potuerit.
1920 1041 2240 1127 Deinceps
2297 1043 2569 1125 Thrasy-

483 1145 785 1210 machum
826 1147 899 1210 in
959 1146 1087 1210 illis
1132 1147 1306 1231 apud
1351 1146 1686 1212 Platonem
1740 1147 1992 1230 placitis
2050 1149 2378 1212 communi
2433 1168 2570 1213 sae-

485 1250 617 1313 culi
689 1250 914 1315 morbo
991 1251 1146 1315 dicit
1217 1251 1568 1333 laborasse,
1646 1251 1819 1333 quod
1896 1251 2122 1317 Graeci
2196 1256 2338 1317 tum
2403 1254 2570 1336 juris

483 1355 692 1438 ignari
737 1375 870 1419 non
916 1376 1110 1421 suum
1157 1358 1393 1441 cuique
1436 1355 1719 1421 tribuere
1764 1356 1877 1420 sed
1921 1376 2039 1422 suo
2073 1357 2349 1442 quisque
2391 1357 2571 1422 lucro

484 1461 844 1544 prospicere
901 1461 1072 1525 soliti
1128 1462 1275 1526 sint.
1380 1460 1423 1524 J
1426 1481 1531 1525 am
1575 1461 2119 1542 Thrasymachum
2162 1462 2573 1526 Platonicum

489 1565 749 1648 conjicit
805 1566 1016 1630 adhuc
1074 1567 1383 1649 juvenem
1439 1565 1722 1630 necdum
1778 1567 2093 1631 rhetorem
2151 1566 2265 1631 sed
2322 1585 2572 1631 merum

484 1667 686 1734 fuisse
741 1670 1090 1754 sophistam
1148 1690 1430 1755 eumque
1487 1673 1702 1736 virum
1758 1670 2000 1735 factum
2066 1671 2352 1755 potuisse
2416 1672 2571 1736 resi-

485 1774 748 1856 piscere.
838 1773 1088 1840 Deinde
1146 1779 1209 1840 et
1262 1776 1371 1840 hic
1427 1797 1489 1860 p.
1539 1775 1624 1840 14
1665 1773 2084 1840 Hermannus
2141 1779 2204 1840 et
2263 1779 2451 1841 antea
2502 1777 2575 1840 in

486 1877 528 1941 l.
590 1878 838 1956 ,Gesch
905 1881 964 1944 d.
1025 1881 1264 1965 platon.
1318 1880 1557 1945 Philos.
1611 1879 1681 1943 T.
1728 1879 1762 1943 Ι
1812 1901 1876 1965 p.
1931 1882 2059 1947 537
2121 1881 2283 1965 sqq.‘
2354 1880 2575 1945 subtili

482 1984 726 2065 judicio
786 1991 1004 2050 censet
1060 1988 1340 2070 primum
1397 1986 1475 2050 de
1518 1984 1851 2069 republica
1908 1985 2148 2049 librum
2189 1985 2383 2069 longo
2429 1991 2576 2050 ante

488 2087 773 2172 reliquos
817 2093 1099 2174 tempore
1130 2091 1470 2174 separatim
1501 2090 1936 2173 conscriptum
1967 2094 2029 2154 et
2059 2091 2326 2154 seorsim
2369 2091 2575 2174 primo

490 2191 737 2257 editum
794 2213 934 2259 esse
986 2195 1243 2259 favente
1287 2194 1368 2258 A.
1418 2193 1622 2259 Gellio
1667 2191 1745 2257 N.
1791 2195 1874 2257 A.
1921 2192 2109 2274 XIV,
2156 2196 2218 2277 3,
2266 2196 2381 2279 qui
2428 2196 2575 2278 ,duo

488 2295 619 2360 fere
692 2296 888 2363 libros
964 2299 1042 2364 de
1113 2298 1442 2383 republica
1529 2299 1768 2382 primos
1851 2299 1924 2362 in
1995 2298 2235 2382 vulgus
2320 2299 2573 2364 exiisse‘

488 2399 739 2484 liquido
784 2407 1053 2468 testatus
1100 2408 1213 2468 est.
1283 2403 1388 2466 Ex
1435 2423 1566 2488 quo
1611 2403 1680 2467 id
1724 2407 1893 2468 certe
1938 2403 2249 2486 sequitur,
2294 2405 2578 2488 spissum

490 2504 780 2571 Platonis
847 2508 926 2573 de
989 2508 1322 2592 republica
1388 2527 1551 2592 opus
1626 2509 1834 2591 primo
1901 2525 2033 2570 non
2110 2510 2317 2571 totum
2384 2507 2579 2572 simul

492 2612 863 2697 evulgatum
941 2633 1099 2679 esse.
1214 2611 1393 2689 Quae
1472 2613 1727 2678 tametsi
1803 2610 1970 2677 bene
2038 2611 2361 2696 disputata
2426 2615 2580 2677 sunt

492 2737 698 2802 eoque
741 2719 995 2802 melius,
1042 2718 1217 2803 quod
1262 2717 1598 2782 Platonem
1639 2717 2098 2798 Thrasymachi
2142 2717 2578 2781 adversarium

492 2842 531 2885 a
603 2828 1064 2907 praeconcepta
1143 2824 1444 2907 opinione
1521 2823 1931 2906 partiumque
2010 2821 2223 2885 studio
2303 2820 2580 2885 liberum

491 2925 691 2992 fuisse
757 2930 1049 3010 negavit:
1129 2928 1494 3011 primariam
1578 2932 1796 2991 tamen
1859 2945 1996 2991 rem
2062 2925 2141 2990 ab
2206 2924 2579 2990 Hermanno

493 3032 682 3115 plane
726 3033 1023 3097 videmus
1065 3031 1421 3115 neglectam
1482 3050 1643 3111 esse,
1699 3049 2041 3115 personam
2097 3030 2239 3094 dico
2284 3029 2577 3094 Socratis.

493 3136 637 3201 Hoc
682 3138 855 3201 enim
898 3139 1092 3221 patet,
1136 3155 1270 3200 non
1305 3135 1683 3199 Hermanno
1727 3154 1847 3199 nos
1890 3137 2105 3220 potius
2154 3155 2348 3219 quam
2379 3135 2580 3199 Gellio

496 3242 823 3323 adsentiri,
870 3241 1044 3325 quod
1089 3260 1245 3305 cumr
1280 3241 1486 3324 primo
1532 3241 1725 3304 etiam
1770 3240 2095 3305 secundus
2148 3239 2311 3303 liber
2352 3240 2456 3304 vel
2501 3238 2581 3302 ob

497 3345 845 3410 Glauconis
903 3346 1253 3410 orationem
1317 3365 1450 3409 una
1517 3345 1809 3410 edendus
1869 3335 2019 3409 erat.
2133 3344 2375 3409 Socrati
2431 3363 2583 3408 vero

494 3452 653 3515 nihil
721 3450 870 3535 plus
935 3450 1210 3514 Athenis
1275 3451 1521 3532 nocuit,
1591 3470 1786 3535 quam
1856 3450 2029 3534 quod
2093 3450 2329 3533 pariter
2390 3452 2583 3533 atque

498 3556 814 3641 sophistae
879 3574 1181 3638 magnam
1248 3554 1597 3619 dialecticis
1664 3573 1923 3639 operam
2000 3554 2315 3637 impendit
2374 3572 2585 3637 eoque

497 3661 577 3726 ab
608 3661 806 3745 vulgo
836 3661 1122 3724 veritatis
1165 3661 1389 3743 ignaro
1433 3659 1574 3743 ipse
1607 3677 1868 3743 quoque
1911 3660 1983 3722 in
2011 3677 2282 3722 numero
2326 3657 2585 3722 habitus

498 3770 595 3831 est
638 3765 1086 3849 sophistarum.
1154 3763 1400 3828 Verum
1429 3762 1805 3827 Platonicus
1837 3763 2124 3828 Socrates
2155 3781 2307 3825 cum
2337 3761 2584 3825 Aristo-

495 3870 746 3954 phaneo
788 3871 861 3933 in
903 3867 1208 3933 Nubibus
1252 3869 1551 3952 componi
1595 3866 1885 3949 debebat,
1933 3868 2049 3951 qui
2090 3865 2187 3930 illi
2229 3866 2584 3929 contrarius

499 3980 562 4040 et
604 3974 832 4038 similis
877 3978 974 4038 est
1015 3972 1507 4055 ThrasymachO,
1572 3991 1813 4055 suppar
1857 3971 2137 4054 denique
2179 3969 2582 4054 Protagorae.

496 4078 668 4143 Nam
735 4078 907 4163 apud
971 4077 1467 4161 Aristophanem
1531 4076 1602 4140 id
1669 4076 1801 4160 agit
1866 4074 2152 4139 Socrates
2216 4074 2448 4158 rhetor,
2513 4078 2589 4139 ut

497 4182 813 4248 infirmior
871 4201 1066 4246 causa
1121 4180 1233 4245 fiat
1290 4182 1497 4264 potior
1542 4183 1624 4263 (V.
1677 4179 1803 4244 114
1848 4199 1988 4264 sqq.
2036 4184 2099 4243 et
2140 4200 2201 4242 v,
2251 4178 2427 4264 882),
2487 4180 2588 4241 in-

493 4289 809 4371 justitiam
874 4304 1085 4370 usque
1151 4304 1226 4349 eo
1290 4284 1531 4365 laudat,
1616 4287 1690 4348 ut
1766 4285 1836 4347 in
1916 4284 2218 4348 secundis
2282 4281 2588 4347 Nubibus

484 4388 749 4465 ’Ἄδικος
793 4386 1021 4477 Λόγος
1075 4390 1142 4453 in
1189 4408 1447 4454 scenam
1501 4408 1877 4473 progressus
1934 4389 2175 4472 populo
2236 4406 2304 4452 se
2348 4386 2590 4451 vendat

2167 4511 2278 4554 vm
