3099 5241
621 429 744 496 106
1438 430 1880 482 AOYKIANOY

614 598 1030 686 ὑψηλοτέρου
1072 596 1521 688 ἀλγεινότερον
1566 599 2158 687 καταπεσούμενοι.
2232 599 2353 686 ἐγὼ
2398 600 2469 668 δὲ
2509 599 2701 690 γελά-

618 728 823 790 σομαι
896 702 1045 773 τότε
1119 680 1439 793 γνωρίσας
1515 703 1733 772 αὐτῶν
1811 706 2086 772 sacto-tor
2150 702 2408 794 γυμνὸν
2475 710 2544 771 ἐν
2606 712 2696 793 τῷ

478 815 581 872 511
621 808 951 895 σκαφιδίῳ,
1015 808 1188 895 μήτε
1231 807 1355 895 τῆν
1401 813 1434 849 *
1479 810 1852 895 πορφυρίδα
1897 808 2069 895 μήτε
2111 808 2344 895 τιάραν
2385 808 2431 893 ἢ
2477 809 2699 894 κλίνην

613 921 857 1002 χρυσῆν
922 914 1331 1000 κομίζοντας.
1447 919 1545 984 15.
1639 917 1867 984 EPM.
1961 918 2065 981 καὶ
2123 912 2205 980 τά
2262 918 2391 998 μὲν
2447 911 2697 981 τούτων

616 1010 738 1084 ὧδε
776 1022 916 1094 ἕξει.
988 1016 1113 1104 τὴν
1148 1019 1216 1085 δὲ
1254 1019 1521 1103 πληθὺν
1564 1018 1740 1107 ὁρᾷς,
1794 1016 1840 1085 ὦ
1866 1019 2138 1105 Χάρων,
2188 1017 2342 1094 τούς
2380 1020 2697 1093 πλέοντας

617 1121 866 1200 αὐτῶν,
950 1124 1105 1198 τοὺς
1169 1126 1665 1210 πολεμοῦντας,
1750 1122 1904 1198 τοὺς
1973 1124 2473 1208 δικαζομένους,
2544 1120 2697 1195 τούς

612 1236 1094 1315 γεωργοῦντας,
1165 1226 1320 1302 τούς
1388 1228 1837 1307 δανείζοντας,
1911 1227 2064 1301 τοὺς
2132 1234 2695 1311 προσαιτοῦνταςς

616 1332 844 1399 ΧΑΡ.
962 1330 1088 1417 ὁρῶ
1170 1333 1474 1417 ποικίλην
1548 1330 1693 1398 τινὰ
1773 1332 1898 1415 «τήν
1962 1330 2211 1418 ἰύρβην
2276 1332 2382 1396 καὶ
2447 1329 2696 1418 μεστὸν

612 1443 897 1523 ταραχῆς
961 1434 1075 1502 τὸν
1139 1437 1312 1524 βίον,
1385 1438 1490 1503 καὶ
1556 1439 1674 1512 τοὶς
1732 1434 1951 1510 πόλεις
2007 1462 2080 1524 γε
2141 1434 2357 1502 αὐτῶν
2416 1436 2688 1509 ἐοικυίας

612 1553 749 1614 τοῖς
810 1538 1149 1624 σμήνεσιν,
1222 1547 1292 1606 ἐν
1352 1539 1448 1616 οἷς
1507 1542 1685 1615 ἅπας
1743 1546 1874 1627 μὲν
1934 1538 2102 1606 ἴδιόν
2160 1567 2221 1606 τι
2266 1542 2533 1626 κέντρον
2574 1539 2696 1629 ἔχει

613 1644 723 1711 καὶ
763 1642 883 1711 τὸν
925 1646 1202 1731 πλησίον
1247 1659 1473 1723 κεντεῖ,
1537 1645 1739 1734 ὀλίγοι
1801 1646 1870 1711 δέ
1913 1671 2104 1724 τινες,
2167 1646 2382 1731 ὥσπερ
2432 1653 2688 1730 σφῆκες,

616 1750 847 1838 ἄγουσι
901 1751 1007 1815 καὶ
1063 1752 1330 1837 φέρουσι
1385 1748 1459 1817 τό
1516 1748 2013 1836 ὑποδεέστερον.
2128 1748 2161 1815 ὃ
2224 1749 2291 1816 δὲ
2347 1747 2694 1835 nepam-16-

613 1997 794 2051 autem
828 1995 1001 2064 tetigi,
1037 1995 1100 2048 ut
1133 2010 1259 2048 cum
1295 1994 1615 2049 Ruhnkenio
1661 1996 1768 2048 fere
1820 1994 2028 2066 ἄγαμαι
2064 1999 2348 2065 κεραμίων
2392 1995 2692 2049 scriberem.

611 2082 772 2137 hodie
823 2083 1057 2151 praefero
1115 2080 1325 2152 ἄγαμαι
1379 2087 1666 2150 κεραμέως
1716 2082 1853 2137 duce
1900 2081 2172 2136 Meinekio
2223 2082 2284 2134 in
2330 2081 2534 2150 Fragm.
2571 2080 2627 2135 C.
2663 2080 2695 2135 I

613 2186 664 2239 p.
702 2174 821 2227 573.
909 2168 1047 2223 illud
1100 2170 1272 2237 teneo,
1326 2169 1467 2238 quod
1513 2169 1772 2222 incertam
1821 2170 2009 2237 putavi
2055 2170 2217 2223 fidem
2264 2167 2580 2223 scholiastae
2625 2168 2694 2222 ad

610 2256 745 2325 qu.
775 2262 937 2316 1305:
975 2257 1248 2326 κεραμεὺς
1286 2254 1345 2310 δὲ
1385 2257 1412 2310 ὁ
1444 2255 1803 2327 Ὑπέρβολος.
1880 2258 2060 2325 itaque
2094 2274 2202 2312 non
2237 2272 2308 2310 ex
2341 2273 2449 2310 uno
2485 2271 2692 2309 comoe-

612 2343 732 2397 diae
787 2342 906 2398 loco
964 2343 1060 2397 sed
1112 2360 1143 2398 e
1196 2343 1408 2398 duobus
1452 2343 1585 2396 haec
1644 2345 1952 2413 manarunt,
2012 2361 2081 2400 ex
2128 2360 2235 2398 uno
2291 2341 2450 2415 ἄγοιμ’
2491 2342 2692 2410 ’Τπερ-

611 2429 805 2501 βὸλου,
863 2447 933 2484 ex
985 2429 1149 2485 altero
1205 2429 1415 2502 ἄγαμαι
1470 2435 1772 2498 κεραμέως.
1867 2431 2097 2500 denique
2163 2430 2273 2485 alia·
2332 2430 2463 2485 Olim
2515 2430 2691 2484 solens

612 2518 790 2586 omisi,
847 2534 1017 2587 quum
1068 2520 1124 2571 et
1177 2520 1422 2588 corrupta
1475 2534 1596 2573 esse
1645 2519 1909 2574 vidissem
1962 2521 2017 2573 et
2066 2519 2184 2587 ipse
2231 2518 2298 2571 de
2346 2534 2472 2571 vera
2513 2532 2694 2571 emen·

612 2605 826 2660 datione
874 2605 1222 2675 desperarem.
1277 2606 1512 2661 maxime
1562 2607 1683 2663 dico
1719 2606 2092 2677 Phrynichum
2127 2604 2395 2664 comicum
2429 2602 2696 2674 Hesychii

610 2691 899 2748 Σεελλίσαι
938 2692 1210 2762 Φρύνιχος
1264 2693 1322 2746 ἓν
1365 2694 1590 2763 Κρόνῳ·
1682 2694 1892 2765 ἄγαμαι
1946 2693 2220 2749 Διονύσου
2277 2691 2564 2762 στόματος,
2623 2689 2698 2747 ὡς

617 2778 927 2835 σεσέλλισαι
963 2784 1276 2849 κεκομμένα
1312 2779 1594 2838 πολλάκις.
1668 2799 1812 2835 nunc
1848 2784 1925 2835 ita
1964 2781 2166 2850 judico,
2214 2779 2378 2834 verba
2426 2779 2698 2846 στόματος

615 2868 687 2926 ὡς
725 2866 1030 2922 σεσέλλισαι
1074 2868 1464 2936 transponenda
1510 2870 1565 2922 et
1611 2868 1669 2922 in
1725 2869 1829 2922 fine
1878 2868 2181 2923 collocanda
2227 2869 2281 2920 et
2327 2868 2450 2935 post
2497 2884 2692 2934 κεκομ-

610 2959 750 3024 μένα
786 2971 975 3009 vocem
1011 2956 1207 3024 κόμπῳ
1259 2955 1611 3025 supplendam
1658 2970 1794 3009 esse.
1867 2954 2097 3024 corrige:
2150 2952 2360 3022 ἄγαμαι
2397 2952 2690 3014 Διονύσον,

609 3040 873 3100 πολλάκις
918 3046 1260 3110 κεκομμένου
1294 3042 1304 3110 Ι
1336 3042 1577 3113 [κόμπῳ]
1619 3041 1899 3111 στ’ὀματος
1930 3040 2073 3112 [νῦν]
2115 3041 2185 3099 ὡς
2223 3039 2529 3094 οεοέλλισαι
2563 3038 2697 3108 [πά-

611 3126 734 3197 λιι·].
830 3129 1030 3197 ‚amabo
1083 3131 1153 3198 te,
1207 3129 1436 3198 Bacche,
1490 3129 1688 3197 inquit,
1750 3145 1904 3197 saepe
1959 3125 2168 3182 retunsi
2220 3129 2329 3183 oris
2382 3125 2694 3196 gloriatione

612 3216 934 3284 quantopere
982 3233 1125 3270 nunc
1172 3233 1360 3270 rursus
1396 3219 1449 3270 te
1486 3216 1771 3270 extulisti&
1843 3217 1967 3269 nota
2003 3214 2205 3268 Bacchi
2240 3212 2695 3283 magniloquentia

610 3301 804 3369 leniter
838 3305 894 3356 et
927 3302 1116 3357 blande
1139 3303 1560 3372 reprehenditur.
1618 3320 1949 3358 summorum
1974 3302 2285 3357 criticorum
2317 3301 2692 3356 hariolationes

610 3389 819 3444 videsis
854 3407 935 3459 ap.
970 3389 1305 3444 Meinekium
1340 3390 1425 3444 Fr.
1465 3392 1521 3446 C.
1559 3391 1590 3445 Ι
1622 3409 1674 3460 p.
1712 3397 1817 3450 584
1852 3392 1906 3444 et
1938 3379 2209 3444 Kockium
2243 3388 2300 3444 C.
2324 3388 2409 3443 Fr.
2439 3394 2465 3447 1
2491 3407 2542 3458 p.
2567 3392 2689 3446 372.

604 3477 716 3545 jam
764 3476 840 3530 sit
883 3477 1011 3531 finis
1057 3477 1221 3546 huJus
1264 3477 1386 3532 loci.
1602 3474 1848 3547 εἰδῶσιν]
1899 3476 2091 3531 ἴδωσιν
2136 3476 2199 3530 Β.
2273 3478 2500 3544 quatuor
2532 3474 2694 3528 verba

613 3562 686 3621 ὡς
721 3593 789 3602 -
828 3562 982 3622 ὄντες
1030 3563 1201 3618 adfert
1234 3563 1460 3618 Thomas
1496 3582 1548 3634 p.
1590 3571 1711 3634 409,
1750 3570 1832 3634 14,
1882 3565 1976 3618 ubi
2012 3564 2145 3618 item
2178 3562 2430 3620 variatur.
2605 3559 2690 3630 δὲ]

613 3646 668 3701 δ’
693 3649 788 3707 Ἠο.
968 3650 1343 3723 ἐπαιρέσθων,
1383 3651 1456 3709 ὡς
1492 3652 1581 3721 ἂν]
1622 3651 2052 3721 ἐπαιρέσθωοαν
2074 3650 2137 3705 Β.
2315 3648 2694 3722 ἀλγεινότεροι

611 3734 823 3792 ACML.
999 3737 1306 3808 γελάσομαι
1340 3738 1489 3808 τότε]
1541 3739 1668 3793 τότε
1715 3736 2022 3811 γελάσομαι
2065 3742 2213 3796 ΩΩ2.
2391 3730 2690 3808 σκαφιδίῳ]

612 3823 918 3891 σκαφειδίω
957 3827 1021 3879 Α.
1200 3825 1341 3896 μήτε
1376 3826 1481 3895 τὴν
1514 3825 1867 3895 ΒΑΟΜΩΩ2,
1915 3825 2133 3896 μήποτε
2172 3825 2238 3893 21,
2286 3824 2426 3894 μήτε
2462 3842 2514 3880 v.

607 3906 959 3984 πορφυρίδα]
1008 3913 1313 3984 πορφὺραν
1348 3913 1399 3967 Α
1434 3912 1598 3967 solus.
1684 3959 1695 3977 ,
1811 3906 2162 3984 κομίζοντας]
2215 3914 2517 3981 κομίζοντα
2552 3913 2602 3965 A
2637 3913 2695 3965 et

607 4015 674 4068 pr
706 4016 762 4053 m
796 4003 864 4053 Ω.

754 4091 834 4144 15.
871 4080 1074 4159 EPM.]
1093 4086 1240 4141 nulla
1262 4103 1488 4155 persona
1509 4088 1652 4147 inA.
1814 4087 1966 4156 ὁρᾷς,
2000 4079 2044 4140 ὦ
2064 4087 2275 4158 Χάρων
2292 4086 2692 4156 ΒἋΑΟΜΩΩ2,

612 4166 658 4226 ὦ
693 4173 922 4243 Χάρων,
965 4173 1101 4243 ὁρᾷς
1135 4192 1188 4233 v.
1362 4196 1487 4228 τινα
1536 4176 1640 4243 τὴν
1685 4174 2035 4244 ACML992,
2081 4197 2208 4229 τινα
2243 4174 2343 4233 BQ
2378 4177 2432 4228 et
2464 4192 2518 4229 v.

608 4259 821 4331 τῦρβην
866 4260 966 4320 BQ
1012 4262 1067 4315 et
1112 4279 1166 4329 v,
1224 4260 1523 4332 διατριβὴν
1577 4262 1923 4319 ACML52522.
1997 4262 2344 4316 scribendum
2395 4277 2514 4316 esse
2566 4283 2694 4316 τινα

608 4347 713 4415 τὴν
746 4347 956 4418 τῶρβην
990 4347 1333 4403 Lehmannus
1368 4349 1526 4404 vidit.
1703 4350 1771 4424 τὸι
1808 4348 2215 4419 ὑποδεέστερον
2248 4348 2550 4417 ΒῖῐΑΩΩ2,
2586 4350 2696 4403 τὸν

610 4430 1019 4506 ὑποδεέστερον
1049 4453 1100 4489 v.
1156 4436 1214 4490 in
1239 4437 1286 4490 A
1313 4436 1571 4492 continuo
1606 4435 1852 4505 sequitur
1885 4454 2026 4492 nova
2060 4453 2299 4506 persona.
2475 4435 2517 4491 τ’
2543 4435 2693 4507 ἀφα-
