3099 5241
532 421 771 477 LXXVI
1378 424 1474 478 DE
1527 424 1766 479 LIBRIS

534 598 903 665 adolescens
982 603 1053 664 in
1120 600 1331 666 Photii
1400 600 1565 665 Bibl.
1637 621 1691 665 c.
1758 602 1883 668 128
1950 622 2014 685 p.
2079 603 2163 668 96
2232 602 2330 667 ed.
2391 600 2468 666 B.
2540 602 2619 668 de

534 705 819 769 numeris
861 703 1135 769 Luciani
1191 706 1376 772 melle
1433 705 1831 770 dulcioribus
1886 708 2043 770 haec
2084 707 2395 791 legeram:
2464 731 2619 771 συν·-

536 804 713 889 θῆκη
762 806 935 893 αὐτῷ
983 809 1187 881 οὕτως
1231 809 1586 892 ἥρμοσται,
1653 809 1816 874 ὥστε
1877 808 2092 873 δοκεῖν
2134 807 2247 874 τὸν
2295 807 2618 898 ἀναγινώ-

536 935 772 976 σκοντα
833 908 930 995 lm}
987 908 1218 998 λόγους
1273 913 1477 1000 λέγειν
1537 910 1696 976 ἀλλὰ
1752 914 1949 997 μέλος
2002 938 2065 977 τι
2107 912 2393 998 τερπνὰν
2436 916 2621 1001 χωρὶς

535 1018 872 1098 ἐμφανοῦς
931 1015 1102 1102 ᾠδῆς
1159 1029 1294 1089 τοῖς
1356 1016 1515 1082 ὠσὶν
1572 1014 2033 1096 ἐναποστάζειν
2080 1025 2205 1082 τῶν
2253 1017 2613 1102 ἀκροατῶν.

535 1119 736 1184 Paulo
802 1126 945 1204 post
1024 1121 1137 1185 ubi
1204 1121 1574 1187 Philostrati
1648 1124 1849 1205 ,Vitas
1914 1123 2373 1207 Sophistarum‘
2439 1124 2620 1207 coepi

536 1225 842 1306 evolvere,
906 1225 1152 1290 nullius
1220 1232 1453 1292 temere
1508 1228 1708 1291 vitam
1769 1227 1848 1291 ab
1910 1247 1984 1293 eo
2043 1228 2178 1291 vidi
2240 1228 2618 1311 expositam,

539 1331 699 1413 quin
756 1330 833 1394 de
892 1349 1114 1394 eorum
1173 1333 1458 1397 numeris
1518 1336 1674 1413 (ιοῐς
1721 1333 2030 1416 ῥυθμοῖς)
2069 1332 2390 1414 judicium
2434 1331 2620 1396 ferret

535 1434 951 1519 laudaretque
991 1436 1170 1518 alios,
1214 1437 1372 1501 alios
1400 1437 1903 1521 reprehenderet.
1995 1436 2091 1500 Ita
2122 1437 2297 1521 quod
2326 1436 2619 1500 nondum

537 1559 621 1604 ex
664 1540 805 1622 ipso
853 1540 1161 1624 dispicere
1204 1547 1559 1625 potueram,
1606 1541 1875 1605 Photius
1918 1542 2200 1625 primum
2244 1561 2347 1606 me
2383 1540 2619 1621 docuit,

536 1642 806 1708 Luciani
863 1645 1207 1709 orationem
1269 1664 1407 1710 esse
1466 1665 1896 1727 numerosam,
1965 1665 2159 1729 quam
2212 1665 2349 1709 rem
2403 1664 2488 1709 ex
2544 1663 2619 1708 eo

536 1754 817 1832 tempore
862 1769 1200 1833 nunquam
1244 1750 1502 1833 neglexi
1548 1750 1660 1815 sed
1707 1769 1846 1814 esse
1889 1751 2114 1833 putavi
2156 1749 2617 1834 gravissimam.

536 1853 926 1936 Ignorarunt
982 1859 1196 1918 autem
1256 1858 1453 1918 totam
1506 1855 1675 1918 hanc
1731 1874 1866 1919 rem
1912 1854 2182 1919 editores
2224 1853 2496 1917 Luciani
2541 1854 2622 1917 ad

539 1977 747 2022 unum
806 1977 1027 2022 omnes
1082 1959 1153 2021 in
1207 1958 1308 2022 his
1350 1959 1411 2022 J.
1459 1958 1730 2040 Bekker,
1796 1960 2116 2042 ignoravit
2167 1960 2307 2042 ipse
2350 1957 2623 2022 Valcke-

538 2062 782 2144 narinS,
843 2063 955 2145 qui
1015 2062 1096 2125 ad
1149 2062 1304 2125 Eur.
1351 2061 1684 2146 Hippolyt.
1733 2083 1793 2125 v.
1840 2064 1972 2128 415
2017 2068 2080 2128 et
2125 2062 2276 2127 alibi
2320 2080 2623 2126 numeros

541 2167 842 2230 orationis
906 2168 1092 2250 quasi
1146 2168 1283 2230 veri
1342 2167 1585 2231 scilicet
1643 2169 1951 2251 poematis
2006 2169 2076 2232 in
2129 2171 2352 2252 poetae
2398 2167 2625 2230 comici

538 2291 764 2337 versus
808 2270 1311 2335 transformabat.
1402 2271 1749 2336 Enimvero
1781 2272 2089 2337 Lucianei
2134 2272 2389 2336 numeri
2432 2270 2625 2354 plane

541 2381 695 2440 sunt
740 2376 1141 2441 admirabiles
1187 2381 1249 2439 et
1291 2377 1395 2441 vel
1431 2376 1699 2440 Isocrati
1743 2396 2161 2441 numerorum
2190 2381 2335 2459 post
2355 2375 2627 2455 Thrasy·

540 2480 837 2544 machum
895 2482 1144 2564 parenti
1200 2481 1374 2545 haud
1431 2481 1627 2545 dubie
1686 2481 2140 2566 anteponendi,
2206 2481 2327 2544 hoc
2392 2484 2489 2544 est
2531 2480 2626 2544 eis

542 2586 714 2650 vitiis
768 2587 1110 2668 immuneS,
1174 2594 1288 2670 qui
1342 2606 1522 2651 nunc
1579 2587 1646 2650 in
1694 2585 1971 2651 Isocrate
2024 2585 2226 2650 latent
2279 2584 2622 2650 neminem.

540 2690 626 2755 Et
672 2710 800 2775 quo
849 2692 1124 2775 quisque
1171 2691 1461 2776 dialogus
1506 2693 1836 2756 maturiori
1881 2696 2082 2755 aetate
2137 2691 2466 2755 confectus
2511 2693 2627 2771 est,

543 2815 615 2859 eo
676 2814 976 2860 numeros
1033 2796 1294 2860 exhibet
1347 2796 1661 2860 meliores.
1754 2795 1984 2860 Sciunt
2038 2815 2261 2860 omnes
2319 2794 2446 2858 duo
2495 2795 2627 2858 dia-

541 2899 741 2983 logOS,
807 2906 882 2963 ut
947 2900 1047 2964 his
1113 2905 1393 2979 utamur,
1459 2901 1728 2964 alterum
1777 2897 2075 2981 ”Ot‘etoog
2133 2896 2175 2980 ἢ
2229 2894 2628 2979 Ἀλεκτρυών

543 3005 808 3069 alterum
877 3006 1139 3068 nomine
1204 3003 1265 3067 K
1276 3001 1606 3074 ατάπὶους
1666 3006 1939 3069 eximios
2006 3024 2165 3087 esse,
2233 3022 2318 3067 ex
2385 3002 2625 3086 quibus

546 3108 846 3193 Cataplus
911 3128 1054 3173 mea
1130 3111 1443 3173 sententia
1523 3109 1734 3173 editus
1816 3116 1945 3192 est,
2025 3129 2230 3193 quum
2295 3106 2623 3172 Lucianus

544 3233 748 3277 annos
794 3219 987 3277 natus
1033 3219 1199 3278 esset
1243 3215 1492 3278 circiter
1536 3215 2009 3297 quinquaginta
2052 3214 2119 3277 id
2164 3217 2261 3278 est
2297 3233 2351 3276 a.
2391 3211 2631 3276 CLXX

542 3339 605 3403 p.
678 3318 821 3381 Chr.
889 3337 953 3381 n.
1035 3317 1251 3401 paullo
1331 3326 1478 3403 post
1555 3326 1820 3384 mortem
1886 3318 2239 3402 Theagenis
2304 3317 2629 3382 Patrensis

544 3421 905 3506 philosophi
961 3421 1208 3504 Cynici.
1301 3422 1578 3507 Utrique
1636 3429 1850 3488 autem
1909 3423 2156 3506 dialogo
2219 3423 2470 3486 numeri
2531 3422 2631 3484 in-

545 3532 698 3592 sunt
743 3527 1283 3591 excellentissimi.
1374 3527 1554 3592 Haec
1602 3530 1715 3611 qui
1748 3528 2083 3612 diligenter
2113 3527 2629 3609 consideraverit,

542 3632 820 3716 profecto
890 3632 1195 3696 concedat
1260 3651 1522 3697 necesse
1600 3636 1727 3714 est,
1806 3651 1914 3696 eos
1992 3632 2276 3716 dialogos
2354 3650 2630 3715 quorum

546 3739 741 3802 oratio
801 3757 1143 3802 numerosa
1203 3739 1287 3802 sit
1341 3744 1403 3802 et
1465 3739 1580 3822 qui
1625 3757 1925 3801 numeros
1969 3736 2247 3801 habeant
2288 3736 2630 3801 Lucianeis

546 3843 790 3927 ubique
846 3842 1227 3913 simillimos,
1291 3843 1395 3907 vel
1446 3848 1742 3927 proptera
1798 3840 1877 3905 ab
1933 3839 2217 3905 Luciano
2279 3840 2630 3923 abjudicari

544 3948 723 4012 nullo
805 3948 992 4012 modo
1029 3968 1274 4037 posse.
1388 3946 1640 4011 Deinde
1706 3945 2033 4010 Lucianus
2113 3946 2297 4010 initio
2384 3945 2631 4026 syriace

544 4055 800 4118 locutus
866 4060 999 4118 erat
1064 4074 1278 4137 neque
1335 4057 1674 4137 parentum
1739 4051 2066 4135 diligentia
2124 4051 2275 4115 inde
2334 4070 2373 4113 a
2428 4068 2629 4134 puero

546 4164 678 4223 erat
745 4159 969 4223 doctus
1037 4164 1099 4223 et
1165 4158 1487 4238 erudituS,
1573 4175 1786 4240 neque
1865 4176 2237 4236 graecarum
2302 4154 2632 4218 literarum

545 4265 731 4327 initia
774 4270 1080 4348 tanquam
1128 4282 1277 4326 cum
1320 4263 1483 4326 lacte
1529 4266 1794 4326 suxerat
1828 4262 2115 4325 nutricis.
2209 4259 2422 4336 Quum
2458 4259 2627 4323 enim

548 4368 914 4437 adolescens
982 4369 1244 4436 demum
1312 4367 1391 4431 ad
1459 4385 1720 4455 graecos
1784 4366 2064 4431 rhetoras
2124 4364 2493 4446 (Smyrnam
2560 4368 2633 4428 ut
