3099 5241
2521 394 2631 449 VII

541 567 766 647 postea
821 564 1097 648 inspexit
1161 564 1447 630 Belinus.
1559 582 1923 648 quanquam
1975 542 2303 631 'rarissime
2361 550 2626 633 Belinus

540 684 867 750 Parisinos
911 685 1291 751 memoravit
1332 685 1469 764 hos,
1514 685 1755 751 librum
1798 650 1980 752 2957'
2004 685 2143 770 (N),
2190 685 2365 752 2954
2388 687 2515 772 (M)
2559 691 2628 754 et

545 806 715 871 1428
761 805 892 891 (L).
982 809 1267 872 ceterum
1326 806 1435 890 qui
1491 811 1639 890 post
1698 825 1801 871 me
1854 805 2025 872 hunc
2085 805 2411 891 dialogum
2458 809 2623 889 edet,

439 948 446 953 ·
542 944 757 992 carere
801 929 905 993 vix
951 928 1187 1010 poterit
1232 926 1477 994 duobus
1524 929 1704 994 codd.
1729 927 2059 994 Vaticanis
2106 928 2321 1010 eisque
2368 929 2636 1031 optimis,

541 1048 744 1113 altero
789 1066 890 1114 no.
938 1049 1026 1114 90
1068 1046 1211 1135 (Γ),
1258 1050 1459 1115 altero
1505 1049 1589 1115 87
1635 1046 1766 1134 (21).
1855 1052 2101 1115 restant
2143 1048 2424 1135 ,Dialogi
2445 1050 2622 1152 Mor·
2754 1137 2766 1148 ³

536 1172 850 1235 tuorum‘:
899 1189 1056 1253 quos
1103 1169 1298 1235 etiam
1342 1169 1850 1237 Vindobonensis
1872 1171 1928 1235 B
1976 1170 2230 1236 exhibet
2274 1171 2621 1253 plurimum

538 1288 654 1356 ille
698 1291 954 1374 quidem
996 1291 1386 1374 profuturus,
1447 1291 1504 1356 si
1548 1294 1661 1356 aut
1716 1291 1851 1374 ipse
1906 1291 2059 1356 talis
2115 1295 2304 1370 esset,
2365 1294 2620 1375 qualem

539 1412 606 1476 in
652 1411 1071 1490 ,Prometheo‘
1119 1431 1187 1476 se
1230 1412 1573 1494 praestitit,
1641 1413 1753 1478 aut
1796 1412 2029 1479 saltem
2072 1430 2238 1479 nova
2281 1410 2420 1497 ejus
2466 1432 2620 1480 con-

538 1533 696 1598 latio
744 1535 1040 1612 exstaret,
1102 1551 1229 1615 qua
1279 1532 1385 1599 hic
1441 1534 1546 1599 vel
1590 1533 1865 1598 maxime
1910 1551 2069 1617 opus
2116 1536 2233 1600 eet.
2324 1535 2417 1600 sic
2459 1553 2617 1618 quo·

537 1672 660 1735 que
705 1654 923 1736 copiae
968 1653 1126 1719 mihi
1180 1656 1436 1736 praesto
1487 1654 1749 1720 fuerunt
1791 1654 2180 1732 luculentae,
2240 1655 2381 1721 dico
2442 1656 2620 1722 codi-

536 1792 644 1838 ces
698 1777 862 1852 octo,
919 1775 1305 1840 Vaticanum
1349 1775 1432 1841 87
1482 1773 1592 1860 (a)
1650 1779 1715 1840 et
1770 1776 1880 1858 qui
1936 1795 2082 1841 cum
2142 1775 2619 1843 Vindobonensi

533 1895 769 1977 partim
816 1897 1073 1961 tant-um
1132 1896 1428 1962 convenit
1472 1895 1925 1981 Augustanum
1970 1895 2118 1982 (O),
2180 1895 2617 1967 Gorlicensem
2731 1898 2742 1915 “

535 2013 672 2099 (Α),
717 2016 1163 2082 Florentinum
1208 2015 1348 2101 (Φ),
1394 2018 1674 2082 Venetos
1725 2021 1855 2083 tres
1902 2014 2257 2101 (Ψζῼμΐζς)
2306 2022 2371 2084 et
2418 2017 2616 2086 Guel-

532 2134 941 2219 ferbytanum
989 2136 1117 2223 (F).
1206 2138 1333 2204 huc
1382 2142 1701 2204 accedunt
1755 2138 2106 2222 scripturae
2152 2138 2444 2205 codicum
2486 2139 2615 2205 Pa-

530 2257 871 2323 risinorum
917 2260 1084 2341 apud
1127 2259 1429 2324 Belinum
1488 2263 1553 2325 et
1611 2259 1839 2325 horum
1895 2260 1963 2324 in
2024 2260 2122 2325 ed.
2168 2258 2614 2326 Hemsterhusi

527 2377 875 2445 librorum:
922 2379 1415 2463 VTDRCUXY),
1459 2380 1528 2444 in
1574 2379 1803 2462 quibus
1848 2379 1953 2445 hic
1998 2380 2169 2445 idem
2204 2381 2398 2462 valet,
2444 2384 2612 2466 quod

530 2500 611 2564 de
655 2499 883 2565 iisdem
937 2518 1128 2583 supra
1174 2499 1579 2566 observatum
1625 2502 1742 2567 est.
1834 2503 1898 2565 et
1940 2499 2045 2565 hic
2091 2501 2347 2583 quidem
2394 2522 2428 2568 e
2473 2506 2611 2570 cod.

472 2604 479 2611 ⁸
528 2619 840 2687 Vaticano
901 2623 968 2687 in
1025 2622 1381 2688 Lucianum
1436 2640 1708 2705 magnus
1764 2638 1917 2688 sane
1972 2620 2219 2689 fructus
2278 2625 2609 2705 redundat,

528 2741 736 2826 major
781 2743 978 2808 etiam
1034 2760 1227 2825 quam
1285 2742 1353 2807 in
1399 2742 1673 2827 dialogis
1733 2744 1998 2808 deorum
2047 2745 2112 2807 et
2156 2741 2438 2824 marini&
2499 2746 2609 2812 ubi

527 2863 642 2938 ille
687 2881 833 2930 cum
852 2862 1330 2929 Vindobonensi
1350 2862 1405 2926 B
1453 2863 1704 2942 acriter,
1748 2863 1990 2929 frustra
2010 2865 2246 2943 tamen,
2295 2866 2371 2930 de
2392 2866 2609 2949 palma

529 2984 875 3049 contendit.
965 2982 1379 3067 quamobrem
1422 2982 1611 3064 plura
1654 2982 1942 3066 ejusdem
1964 2985 2217 3069 generis
2257 2985 2397 3069 jam
2439 3005 2608 3054 nunc

527 3106 847 3185 adderem,
905 3105 1032 3170 nisi
1077 3105 1266 3170 aliter
1310 3103 1520 3169 visum
1567 3107 1736 3169 esset
1777 3105 2163 3187 redemptori
2207 3108 2471 3186 verenti,
2528 3127 2606 3173 116

396 3262 409 3272 -
525 3226 731 3291 moles
775 3225 927 3291 libri
967 3225 1239 3290 nimium
1283 3224 1697 3290 adcresceret.
1787 3228 2073 3291 attamen
2118 3226 2297 3306 evici,
2342 3231 2415 3294 ut
2435 3228 2607 3311 prior

527 3351 698 3413 certe
741 3346 969 3412 horum
1014 3345 1416 3430 dialogorum
1435 3363 1584 3428 pars
1627 3364 1799 3412 nunc
1844 3347 2162 3432 divulgari
2180 3351 2415 3431 posset.
2505 3349 2604 3415 al-

525 3473 663 3534 tera
703 3485 851 3551 pars
894 3466 1086 3551 hujus
1146 3466 1491 3532 voluminis
1549 3484 1744 3549 quam
1800 3468 2079 3550 primum
2126 3470 2194 3534 in
2237 3468 2450 3535 lucem
2496 3489 2603 3535 ex-

524 3589 664 3669 ibit,
710 3606 872 3672 quae
915 3606 1063 3671 pars
1108 3587 1303 3660 etiam
1345 3606 1580 3653 novam
1624 3588 2053 3656 conlationem
2096 3589 2604 3656 Vindobonensis

524 3712 580 3776 B
640 3710 1115 3794 complectetur.
1219 3726 1348 3776 non
1406 3726 1552 3774 sum
1609 3708 1882 3788 nescius,
1952 3710 2149 3776 etiam
2205 3710 2276 3776 in
2331 3712 2602 3798 dialogis

527 3833 787 3898 deorum
830 3814 1076 3914 aliquot
1130 3829 1440 3897 lectiones
1485 3829 1784 3896 Vaticani
1826 3829 1901 3908 21,
1957 3849 2120 3913 quas
2163 3831 2369 3899 adhuc
2411 3851 2601 3916 repu-

526 3952 714 4031 diavi,
768 3951 1129 4035 probandas
1189 3951 1408 4018 fuisse.
1514 3952 1798 4016 ceterum
1852 3951 2078 4036 religio
2134 3952 2259 4017 fuit
2317 3954 2601 4020 codicem

526 4072 838 4156 ejusmodi
882 4073 1092 4139 solum
1138 4072 1376 4151 audire,
1422 4071 1479 4137 si
1521 4072 1659 4137 ulla
1702 4073 1978 4139 residere
2020 4075 2237 4155 posset
2265 4073 2598 4142 dubitatio.
2717 4155 2730 4162 „

523 4194 722 4259 veluti
762 4194 831 4259 in
875 4194 955 4259 D.
1002 4194 1082 4259 D.
1129 4192 1330 4272 XXV,
1378 4193 1412 4257 1
1461 4211 1523 4274 p.
1548 4192 1637 4257 80
1676 4212 1790 4275 pro
1835 4194 2133 4278 vulgata:
2181 4190 2266 4268 ὡς
2312 4191 2408 4258 δεῖ
2451 4197 2599 4269 ξυν-

525 4311 685 4401 έχειν
726 4310 978 4402 ἀνάγκῃ
1021 4310 1141 4380 τὸν
1181 4307 1443 4401 χαλινόν
1483 4330 1649 4379 unus
1695 4311 1749 4382 21
1800 4314 2131 4381 verissime
2176 4316 2268 4382 sic
2313 4315 2595 4382 exhibet:
