3099 5241
1288 400 1389 455 AD
1433 400 1833 457 LUGIANUM.
2457 404 2598 460 XIII

515 572 634 654 90;
662 565 845 652 '2243
891 570 1082 640 1322.
1171 574 1288 639 hos
1334 574 1507 639 enim
1563 558 1646 641 in*
1688 573 2007 641 tabulario
2062 573 2367 643 basilicae
2413 576 2595 643 Vati-

515 697 712 745 canae
758 678 1008 745 codices
1054 679 1135 743 ad
1179 697 1379 744 unum
1403 696 1623 747 omnes
1647 678 1886 749 servari
1928 675 2309 762 accepimus.
2398 699 2595 767 quae·

512 785 696 864 fitur,
755 802 879 868 quo
931 782 1077 866 jure
1125 784 1343 849 decem
1397 783 1548 849 libri
1593 783 1890 850 Vaticani
1941 787 2079 853 tam
2135 784 2244 850 diu
2286 787 2595 852 contemti

508 887 829 972 jacuerint
854 918 865 927 ·
887 888 1201 972 planeque
1260 888 1560 972 neglecti.
1665 879 1857 971 atque
1917 887 2041 953 etsi
2103 906 2329 971 parum
2389 890 2595 958 adhuc

514 994 765 1059 constat
824 991 903 1057 de
959 992 1061 1057 his
1120 993 1432 1076 quinque:
1500 1009 1604 1058 no.
1651 991 1778 1056 947
1799 1015 1817 1070 3
1886 991 2090 1071 13233
2160 992 2364 1072 13253
2431 994 2594 1077 2243

515 1096 705 1176 1322,
774 1096 960 1163 credo
1018 1098 1236 1161 tamen
1289 1096 1407 1162 hos
1459 1095 1661 1162 libros
1719 1097 1938 1162 decem
1998 1114 2218 1163 omnes
2272 1097 2596 1165 Lucianea

511 1220 640 1267 non
681 1200 916 1267 habere
961 1201 1087 1266 nisi
1128 1218 1465 1284 perpauca.
1554 1200 1721 1267 illud
1763 1201 1953 1283 plane
1997 1201 2150 1279 scio,
2195 1201 2257 1267 in
2305 1202 2427 1269 hoc
2468 1222 2589 1269 nu·

509 1323 685 1371 mero
745 1305 954 1371 inesse
1012 1305 1208 1371 etiam
1267 1304 1598 1371 codicillos
1672 1305 2015 1371 admodum
2079 1309 2389 1385 recentes,
2457 1310 2590 1374 tres

510 1409 653 1475 dico
698 1410 1065 1476 chartaceos
1110 1427 1173 1474 n.
1198 1408 1284 1474 89
1330 1409 1574 1475 saeculi
1596 1408 1751 1474 XIV
1793 1408 1908 1494 (P),
1952 1429 2014 1475 n.
2038 1408 2124 1475 86
2171 1413 2237 1475 et
2281 1412 2589 1478 recentis-

509 1514 742 1580 simum
796 1534 859 1579 n.
906 1513 1011 1579 88.
1100 1531 1253 1579 nam
1312 1513 1393 1578 ab
1450 1513 1820 1597 hujusmodi
1878 1513 2058 1579 codd.
2116 1512 2277 1579 nihil
2335 1533 2586 1597 sperare

506 1618 694 1684 licet:
757 1636 918 1703 quae
963 1618 1124 1683 ratio
1185 1621 1258 1683 ut
1317 1635 1445 1682 non
1504 1635 1753 1700 semper
1796 1622 2070 1699 constat,
2129 1619 2221 1685 ita
2265 1623 2401 1685 tam
2443 1638 2585 1687 raro

504 1722 701 1802 fallit,
745 1726 819 1788 ut
864 1740 938 1788 ea
984 1733 1203 1787 omnes·
1225 1721 1419 1805 vulgo
1463 1723 1740 1787 utamur.
1828 1726 2076 1789 restant
2099 1722 2223 1790 duo
2246 1723 2396 1790 libri
2440 1725 2586 1792 lau-

501 1931 677 1997 latus
723 1930 848 2014 est)
895 1949 997 1997 no.
1048 1930 1131 1996 76
1176 1929 1369 1996 codex
1414 1929 1831 2014 bombycinus
1877 1949 2041 1997 saec.
2088 1931 2262 2012 XIV,
2314 1933 2424 2015 qui
2466 1953 2583 2001 no·

502 2039 608 2101 tae
653 2035 937 2100 melioris
997 2039 1097 2100 est
1156 2038 1221 2101 et
1266 2052 1411 2100 cum
1458 2034 1715 2117 optimis
1772 2034 1956 2101 libris
2012 2053 2200 2118 saepe
2246 2038 2582 2118 consentit,

501 2141 671 2205 alter
712 2140 1234 2205 membranaceus
1278 2159 1382 2207 no.
1431 2140 1533 2205 73.
1624 2143 1690 2205 et
1732 2138 1800 2205 hi
1829 2138 2086 2224 quidem
2132 2140 2188 2206 si
2225 2139 2389 2223 juris
2434 2146 2584 2209 sunt

499 2243 621 2322 sui,
684 2243 861 2328 digni
915 2244 1211 2311 videntur
1264 2243 1375 2326 qui
1430 2243 1555 2309 toti
1599 2243 2030 2324 excutiantur3
2086 2244 2185 2310 sin
2232 2263 2265 2309 e
2311 2246 2448 2311 cod.
2494 2246 2583 2313 90

497 2349 606 2414 vel
650 2348 732 2414 87
781 2349 1083 2433 descripti
1128 2351 1299 2427 sunt,
1358 2366 1438 2413 ne
1482 2348 1608 2430 ipsi
1665 2348 1923 2430 quidem
1966 2366 2270 2433 magnam
2311 2354 2580 2432 possunt

496 2453 631 2518 vim
685 2451 940 2518 habere.
1046 2470 1409 2536 quanquam
1467 2455 1608 2517 tum
1670 2470 1918 2537 quoque
1978 2452 2161 2519 libris
2229 2453 2312 2519 73
2372 2457 2437 2519 et
2494 2455 2578 2521 76

494 2558 808 2624 utendum
853 2557 974 2623 erit
1016 2557 1159 2625 loco
1205 2557 1652 2641 supplementi,
1696 2560 1770 2625 ut
1812 2556 1924 2624 ubi
1967 2555 2182 2624 nobile
2226 2575 2342 2642 par
2382 2558 2470 2624 90
2514 2562 2579 2626 et

496 2662 580 2728 87
630 2662 902 2743 deficiat,
961 2662 1030 2727 hi
1088 2663 1156 2727 in
1213 2681 1442 2729 manus
1498 2665 1850 2730 sumantur.
1939 2665 2132 2745 atque
2191 2662 2311 2728 hoc
2364 2662 2575 2746 ipsum

493 2767 564 2832 in
610 2768 825 2833 codice
873 2766 957 2832 73
1003 2766 1240 2850 optime
1280 2767 1418 2851 jam
1460 2766 1732 2849 perfecit
1771 2766 2059 2832 Erwinus
2102 2765 2407 2845 Rohdius‚
2466 2768 2576 2851 qui

494 2891 571 2937 ex
618 2891 691 2938 eo
738 2874 803 2937 et
848 2872 1093 2938 scholia
1151 2871 1392 2954 optima
1449 2870 1783 2954 descripsit
1838 2873 1903 2936 et
1946 2870 2237 2954 dialogos
2280 2872 2573 2937 meretri-

494 2976 627 3042 cios
674 2976 980 3042 excussit:
1025 2976 1171 3041 vide
1193 2975 1490 3043 Museum
1512 2976 1891 3041 Rhenanum
1936 2975 2062 3039 vol.
2087 2973 2269 3038 XXV
2295 2993 2352 3039 a.
2383 2975 2570 3055 1870,

490 3079 599 3146 ubi
647 3080 745 3145 vir
790 3081 1014 3146 doctus
1060 3083 1127 3145 et
1170 3083 1395 3145 acutus
1439 3099 1497 3162 p.
1529 3079 1659 3146 548
1705 3079 1862 3145 haec
1905 3077 2134 3143 habet:
2181 3078 2404 3157 ‚Unter
2448 3080 2570 3145 den

491 3185 640 3249 sehr
682 3184 1085 3249 zahlreichen
1115 3182 1896 3250 Lucian-Handschriften
1943 3183 2053 3247 der
2095 3182 2569 3249 vaticanischen

487 3287 859 3354 Bibliothek
902 3288 1092 3367 steht,
1136 3287 1342 3353 neben
1388 3288 1533 3352 dem
1574 3287 1935 3353 trefflichen
1980 3323 2065 3334 —
2088 3286 2437 3353 Vaticanus
2482 3288 2569 3354 90

488 3392 685 3476 (saec.
729 3391 886 3476 XII)
932 3393 1044 3457 der
1063 3392 1400 3457 Palatinus
1426 3391 1508 3456 73
1531 3391 1601 3456 in
1645 3394 1846 3458 erster
1866 3391 2102 3456 Reihe:
2150 3390 2289 3455 eine
2335 3391 2565 3457 schone

485 3495 1328 3581 Pergament—Handschrift
1389 3497 1499 3561 des
1549 3495 1649 3561 13.
1695 3495 1739 3561 J
1741 3495 2182 3574 ahrhundert8‚
2240 3494 2343 3560 die
2378 3514 2567 3587 *zwar

483 3619 610 3665 nur
655 3601 840 3665 einen
885 3600 1071 3665 Theil
1115 3602 1226 3666 der
1249 3599 1714 3666 Lucianischen
1737 3598 2059 3666 Schriften
2105 3598 2372 3678 euthalt,
2416 3600 2562 3666 dar-

483 3707 675 3771 unter
717 3704 870 3771 aber
893 3706 993 3770 die
1039 3723 1110 3771 so
1154 3707 1641 3784 interessanten‚
1689 3707 1868 3770 sonst
1888 3702 2119 3788 gerade
2165 3703 2232 3767 in
2270 3703 2394 3768 den
2414 3701 2560 3769 bes-

484 3827 669 3874 seren
713 3808 1157 3875 italienischen
1199 3809 1701 3876 Handschriften
1746 3808 2087 3874 fehlenden
2133 3807 2559 3873 Hetarendia-
2633 3877 2652 3896 Ι

481 3913 652 3997 loge.
741 3914 890 3980 Und
932 3932 1096 3980 zwar
1140 3914 1283 3980 sind
1328 3914 1560 3998 gerade
1606 3914 1780 3979 diese
1814 3912 2088 3995 Dialoge
2134 3910 2331 3975 durch
2376 3911 2561 3977 einen

481 4016 878 4086 besonderen
898 4019 1283 4085 Reichthum
1319 4018 1497 4085 nicht
1525 4017 2044 4084 unbedeutender
2067 4014 2364 4081 Scholion
2408 4032 2556 4082 aus-

482 4123 891 4207 gezeichnet‘.
983 4123 1060 4188 de
1121 4125 1340 4189 decem
1399 4124 1542 4189 istis
1610 4121 1931 4189 codicibus
1998 4121 2154 4186 haec
2218 4119 2557 4187 hactenus:

482 4226 712 4309 quibus
757 4227 815 4293 si
858 4227 1000 4309 quis
1058 4231 1170 4294 aut
1224 4228 1496 4293 certiora
1540 4227 1846 4293 adtulerit
1890 4231 2003 4292 aut
2046 4225 2335 4304 laetiora,
2395 4243 2555 4308 gau-

482 4330 662 4397 debo.
748 4350 974 4398 verum
1029 4332 1199 4416 quod
1257 4332 1339 4398 ad
1395 4332 1674 4416 reliquos
1736 4333 1858 4398 duo
1915 4330 2228 4424 pertinet„
2277 4328 2556 4412 primum
