3099 5241
586 398 622 466 1
636 398 677 467 7
686 397 730 467 8
1390 427 1847 477 AOYKIANOY

580 594 930 684 σβεννύναι
990 593 1381 675 ἱκετεύοντα,
1443 596 1642 684 πίττῃ
1699 597 1807 660 καὶ
1867 595 2050 684 ἐλαίῳ
2109 593 2650 683 κατασβεννύναι·

576 701 682 766 καὶ
746 699 835 785 ἦν
897 725 1046 767 τινα
1102 708 1224 767 τοῦ
1266 707 1580 789 χειμῶνος
1626 699 1661 765 ὃ
1707 697 2014 784 ποταμὸς
2057 702 2428 789 παραφέρῃ,
2485 699 2537 765 ’ὃ
2585 700 2655 766 δὲ

574 802 693 880 τάς
746 818 955 894 χεῖρας
1000 803 1240 892 ὀρέγων
1286 804 1755 892 ἀντιλαβέσθαι
1801 804 2044 887 δέηται,
2107 802 2305 869 ὠθεῖν
2349 806 2456 869 καὶ
2499 811 2655 870 τοῦ-

574 933 695 975 τον
754 909 860 974 ἐπὶ
914 907 1199 994 κεφαλὴν
1239 909 1668 994 βαπτίζοντα,
1731 906 1813 982 ὡς
1857 908 2028 992 μηδὲ
2076 906 2409 988 ἀνακῦψαι
2456 908 2655 992 δυνη-

574 1011 755 1097 θείη·
831 1013 999 1078 οὕτω
1051 1010 1177 1100 γὰρ
1237 1011 1321 1077 ἀν
1378 1011 1500 1097 την
1548 1015 1697 1096 ἴσην
1742 1011 2164 1097 ἀπολάβοιεν.
2262 1010 2652 1100 εἰσηγήσατο

573 1114 694 1182 τὸν
751 1114 964 1200 νόμον
1038 1116 1267 1202 Τίμων
1319 1115 1769 1204 Ἐχεκρατίδου
1829 1113 2222 1192 Κολλυτεῦς,
2289 1106 2655 1200 ἐπεψήφισε

439 1230 540 1285 158
578 1221 648 1286 δὲ
690 1227 773 1307 τῇ
818 1221 1111 1306 ἐκκλησίᾳ
1146 1221 1370 1306 Τίμων
1419 1219 1454 1285 ὃ
1504 1224 1544 1260 ⁴*
1592 1216 1811 1294 αὐτός.
1882 1219 2032 1297 εἶεν,
2082 1226 2290 1285 ταῦτα
2336 1217 2504 1305 ἡμῖν
2549 1220 2655 1285 δε-

577 1321 797 1412 δόχθω
843 1325 948 1390 καὶ
995 1322 1304 1408 ἀνδρικῶς
1348 1325 1740 1409 ἐμμένωμεν
1787 1322 2027 1398 αὐτοῖς.
2113 1325 2219 1391 45.
2280 1322 2452 1407 πλὴν
2499 1320 2653 1388 ἀλλά

575 1428 724 1513 περὶ
778 1429 1026 1494 πολλοῦ
1082 1428 1166 1493 ἄν
1210 1427 1629 1513 ποιησαίμην
1674 1430 1883 1494 ἅπασι
1925 1425 2216 1516 γνώριμά
2264 1454 2404 1502 πως
2446 1434 2653 1493 ταῦτα

572 1533 908 1619 γενέσθαι,
962 1531 1126 1598 διότι
1172 1531 1627 1618 ὑπερπλουτῶ·
1678 1531 1922 1620 ἀγχόνη
1966 1531 2090 1619 γὰρ
2139 1529 2218 1595 ἄν
2263 1528 2339 1597 τὸ
2377 1539 2652 1619 πρᾶγμα

572 1636 825 1724 γένοιτο
874 1635 1116 1711 αὐτοῖς.
1211 1638 1419 1702 καίτοι
1454 1636 1520 1702 τί
1552 1642 1751 1701 τοῦτο
1766 1664 1792 1715 ,·
1838 1643 1957 1720 φεῦ
1985 1644 2101 1701 τοῦ
2136 1633 2392 1723 τάχους.
2479 1660 2656 1701 παν-

572 1739 856 1828 ταχόθεν
927 1742 1281 1808 συνθέουσι
1344 1742 1750 1824 κεκονιμένοι
1815 1741 1920 1804 καὶ
1976 1747 2467 1817 πνευστιῶντες,
2539 1738 2656 1804 ούκ

576 1843 722 1910 οἶδα
772 1845 935 1911 ὅθεν
984 1842 1494 1930 ὀσφραινόμενοι
1538 1852 1660 1910 τοῦ
1702 1845 1986 1931 χρυσίου.
2080 1840 2364 1928 πότερον
2399 1838 2517 1909 οὖν
2549 1844 2655 1909 ἐπὶ

573 1948 694 2015 τὸν
737 1947 959 2037 πάγον
1001 1958 1240 2016 τοῦτον
1293 1947 1546 2035 ἀναβὰς
1592 1945 1935 2014 ἀπελαύνω
1983 1945 2222 2022 αὐτούς
2265 1959 2404 2021 τοῖς
2445 1947 2657 2020 λίθοις

574 2127 689 2178 tur:
743 2126 823 2181 ita
856 2125 909 2179 11.
947 2125 982 2178 l.
1022 2125 1242 2194 antiqua
1287 2124 1445 2178 lectio
1481 2124 1737 2177 librorum
1786 2126 1904 2177 octo
1946 2126 2126 2192 aperte
2162 2126 2247 2177 eet
2279 2122 2655 2194 dittographia,

576 2297 710 2350 quae
745 2280 870 2334 olim
917 2280 1048 2334 haec
1093 2279 1265 2334 fuerat
1304 2206 1863 2346 ἰῖιαταφθειρόμενον.
1932 2280 2116 2332 monui
2149 2281 2365 2349 propber
2400 2279 2657 2334 Cobetum

574 2368 640 2421 V.
677 2367 739 2422 L.
776 2384 827 2436 p.
868 2370 985 2432 223,
1021 2367 1115 2436 qui
1149 2363 1780 2435 καταδιαφθειρόμενον
1816 2368 1913 2417 καί
1943 2366 2050 2419 sibi
2084 2365 2364 2421 videbatur
2397 2369 2656 2436 ,transpo-

575 2455 714 2507 nere‘
750 2454 852 2507 hoc
887 2454 1068 2507 modo:
1115 2449 1603 2521 διαφθειρόμενον
1649 2459 1741 2504 καὶ
1778 2472 1919 2504 κατα
1955 2480 2041 2503 —-.
2186 2453 2313 2506 libri
2348 2470 2526 2507 omnes
2564 2459 2656 2504 καὶ

578 2538 884 2608 σβεννύναι.
962 2540 1157 2610 optime
1204 2545 1298 2590 καὶ
1345 2537 1781 2608 κατασβεννύναι
1816 2540 2049 2594 Cobetus
2092 2541 2156 2594 V.
2194 2540 2254 2593 L.
2300 2557 2352 2609 p.
2390 2543 2494 2596 223
2542 2557 2655 2594 cor-

573 2629 726 2682 rexit.
799 2645 985 2697 nempe
1022 2647 1161 2679 κατα
1181 2628 1431 2682 haustum
1465 2631 1549 2682 est
1565 2644 1875 2697 praegressa
1906 2644 2031 2682 voce
2060 2629 2170 2679 καί.
2313 2628 2656 2696 βαπτίζοντα

575 2716 675 2770 Ao
684 2715 1012 2773 ‘1¹992PRab
1050 2718 1105 2768 et
1139 2733 1185 2779 v,
1229 2717 1504 2766 πίπτοντα
1539 2714 1592 2768 X
1640 2717 1695 2768 et
1738 2714 1901 2768 codex
1946 2714 2139 2784 aliquis
2177 2714 2359 2769 Solani
2405 2718 2460 2768 et
2503 2715 2569 2769 cd
2604 2718 2658 2768 et

576 2802 717 2866 ‚libri
751 2803 952 2871 scripti‘
988 2791 1129 2871 apu⁰d
1163 2800 1408 2854 Fabrum.
1559 2797 1854 2870 ’ἀνανῆψαι
1887 2802 1997 2864 ΑΨ,
2054 2799 2338 2870 ἀνακύψαι
2373 2802 2569 2855 caeteri
2603 2804 2658 2855 et

575 2908 622 2954 v,
661 2886 943 2959 ἀνακῦψαι
977 2888 1290 2944 JacobitiuS.
1444 2884 1808 2956 ἀπολάβοιεν]
1848 2885 2188 2941 ἀπολαύοιεν
2221 2888 2282 2942 L.
2440 2883 2656 2957 εἰσηγή-

578 2995 711 3029 σατο
749 2975 850 3028 τὸν
883 2973 1075 3042 νόμον]
1118 2968 1407 3039 εἶσκήσατο
1444 2973 1545 3026 τὸν
1583 2972 1724 3040 ὁμον
1756 2977 1801 3025 0
1839 2973 1938 3042 (ita
1968 2974 2052 3043 0).
2196 2975 2323 3029 libri
2352 2972 2655 3044 Ἐχεκρατί-

579 3059 694 3129 δης,
745 3062 840 3116 sed
874 3066 1016 3116 recte
1045 3057 1432 3128 Ἐχεκρατίδου
1483 3077 1605 3114 cum
1639 3060 1876 3115 Brodaeo
1912 3063 2099 3117 Faber.
2242 3061 2368 3115 libri
2402 3062 2492 3115 hic
2527 3078 2656 3131 quo-

576 3166 678 3220 que
713 3146 1017 3204 Κολυττεὺς
1061 3148 1196 3201 male
1231 3165 1326 3217 pro
1362 3144 1686 3203 Κολλυτεύς.
1846 3146 2161 3218 ἐπεψήφισε
2196 3148 2264 3221 τῇ
2301 3149 2571 3207 ΑΩΩΞΡΒ.
2604 3152 2659 3202 et

575 3255 624 3301 v,
662 3233 992 3305 ἐπεψήφησε
1027 3234 1094 3306 τῇ
1139 3239 1201 3296 Ψ,
1256 3232 1658 3304 ἐπεψήφήφισε
1699 3230 1758 3286 δὲ
1794 3236 1861 3308 τῇ
1905 3239 1950 3286 Ο
1988 3235 2088 3303 (ita
2125 3234 2211 3303 0),
2257 3235 2397 3289 unde
2431 3239 2658 3289 sumta‘m

581 3319 643 3375 δέ
684 3323 921 3377 voculam
971 3323 1189 3376 inserui.
1263 3338 1347 3375 res
1396 3324 1480 3375 est
1528 3322 1801 3390 ejusmodi,
1854 3325 1917 3376 ut
1967 3318 2029 3374 δέ
2078 3322 2259 3376 deesse
2311 3338 2418 3375 non
2467 3323 2653 3392 possit.

576 3426 743 3480 paene
797 3409 950 3463 omisi
993 3409 1183 3463 Cobeti
1216 3410 1281 3463 V.
1321 3408 1381 3461 L.
1431 3425 1481 3477 p.
1518 3410 1623 3464 223
1669 3408 2046 3478 conjecturam:
2097 3407 2448 3478 ἐπεψήφισεν
2498 3407 2557 3459 ἐν
2587 3407 2655 3480 τῇ

579 3492 854 3563 ἐκκλησίᾳ,
895 3512 1051 3565 quam
1074 3493 1380 3549 Dindorfius
1411 3496 1629 3564 recepit.
1704 3495 1798 3549 sed
1833 3512 2060 3550 errorem
2092 3497 2310 3550 minime
2345 3496 2512 3549 levem
2544 3496 2659 3564 ipse

578 3584 811 3639 Cobetus
845 3583 1153 3636 retractavit
1186 3582 1245 3635 in
1278 3583 1343 3636 V.
1383 3581 1443 3635 L.
1482 3599 1534 3651 p.
1556 3584 1676 3646 346,
1710 3583 1791 3635 ita
1823 3585 2002 3636 tamen
2037 3586 2099 3636 ut
2131 3585 2248 3636 tum
2283 3599 2490 3652 quoque
2524 3581 2657 3635 falso

579 3671 778 3726 diceret
814 3666 1130 3738 ἐπεψήφισε
1165 3668 1233 3741 τῇ
1272 3666 1528 3735 ἐκκλησίᾳ
1577 3672 1670 3722 aut
1714 3670 1908 3723 inscite
1953 3669 2154 3724 dictum
2201 3686 2318 3723 esse
2366 3672 2460 3723 aut
2497 3669 2656 3722 nimis

580 3758 817 3812 obscure.
889 3756 1047 3810 immo
1094 3755 1152 3809 id
1196 3755 1353 3825 plane
1400 3758 1485 3809 est
1529 3757 1767 3820 atticum,
1820 3759 1882 3810 ut
1923 3757 2364 3810 Hemsterhusius
2410 3755 2479 3810 ad
2512 3756 2564 3810 11.
2601 3755 2657 3820 1.,

579 3844 957 3899 Valckenarius
993 3842 1060 3897 ad
1078 3842 1331 3897 Herodot.
1359 3842 1513 3907 Vm,
1533 3845 1599 3900 61
1618 3860 1671 3912 p.
1693 3847 1794 3899 645
1830 3842 2025 3912 aliique
2060 3842 2260 3896 dudum
2295 3843 2653 3897 ostenderunt.

718 3933 803 3987 45.
874 3930 1002 3984 libri
1037 3927 1404 3996 ἐποιησάμην.
1480 3930 1673 3998 scripsi
1706 3928 1921 3982 interim
1938 3931 2285 3996 ποιησαίμην
2320 3946 2439 3983 cum
2458 3930 2659 3984 Coboet

580 4018 647 4072 V.
667 4018 727 4071 L.
747 4035 799 4087 p.
820 4020 941 4073 223.
1012 4019 1250 4086 praestat
1281 4019 1459 4070 tamen
1491 4032 1610 4069 mea
1638 4016 1908 4081 correctae,
1939 4016 2033 4085 qui
2066 4015 2354 4070 indicativo
2391 4014 2550 4084 ἐποιη
2560 4014 2655 4068 σά-

581 4124 692 4170 μην
721 4104 810 4158 hic
839 4106 1044 4158 servato
1061 4104 1239 4173 paullo
1273 4105 1399 4172 post
1430 4119 1525 4172 pro
1559 4104 1775 4170 γένοιτο
1820 4102 2169 4157 indicativum
2206 4101 2418 4171 ἐγένετο
2455 4102 2656 4157 substi-

579 4192 690 4244 tuo,
832 4186 1006 4242 ἅπασι
1042 4206 1126 4243 0111
1153 4191 1217 4244 R.
1360 4186 1772 4257 ὀσφαιρόμενοι
1807 4206 1852 4243 a.
1993 4187 2240 4256 πότερον
2267 4180 2382 4256 οὖν]
2413 4188 2658 4258 πότερον

579 4275 713 4346 γοὸν
746 4277 808 4330 R.
958 4274 1435 4345 παρανομήσομεν
1470 4275 1599 4329 libri
1632 4292 1830 4340 01111168,
1865 4276 2026 4329 etiam
2063 4279 2127 4337 0,
2180 4276 2245 4330 de
2279 4292 2383 4345 quo
2419 4276 2657 4346 Spenge-

581 4363 712 4418 liue:
757 4362 1253 4432 ,παρανομήσομεν
1297 4363 1376 4417 sic
1411 4365 1593 4432 aperte
1629 4361 1779 4426 cod.‘,'
1826 4362 1920 4416 sed
1961 4360 2454 4431 παρανομήσωμεν
2489 4362 2655 4417 schol.
