<?xml version="1.0" encoding="UTF-8"?>
<!DOCTYPE html PUBLIC "-//W3C//DTD XHTML 1.0 Transitional//EN"
    "http://www.w3.org/TR/xhtml1/DTD/xhtml1-transitional.dtd">
<html xmlns="http://www.w3.org/1999/xhtml" xml:lang="en" lang="en">
 <head>
  <title>
</title>
<meta http-equiv="Content-Type" content="text/html;charset=utf-8" />
  <meta name='ocr-system' content='tesseract 3.04.00' />
  <meta name='ocr-capabilities' content='ocr_page ocr_carea ocr_par ocr_line ocrx_word'/>
</head>
<body>
  <div class='ocr_page' id='page_1' title='image "./lucianussamosat01fritgoog_0351.png"; bbox 0 0 3099 5241; ppageno 0'>
   <div class='ocr_carea' id='block_1_1' title="bbox 1201 396 2582 456">
    <p class='ocr_par' dir='ltr' id='par_1_1' title="bbox 1201 396 2582 456">
     <span class='ocr_line' id='line_1_1' title="bbox 1201 396 2582 456; baseline 0.004 -5"><span class='ocrx_word' id='word_1_1' title='bbox 1201 396 1890 454; x_wconf 81' lang='lat' dir='ltr'>PSEUDOLUCIANEIS.</span> <span class='ocrx_word' id='word_1_2' title='bbox 2338 401 2582 456; x_wconf 77' lang='lat' dir='ltr'>LXXIII</span> 
     </span>
    </p>
   </div>
   <div class='ocr_carea' id='block_1_2' title="bbox 421 572 2591 4429">
    <p class='ocr_par' dir='ltr' id='par_1_2' title="bbox 494 572 2591 3377">
     <span class='ocr_line' id='line_1_2' title="bbox 494 572 2581 661; baseline 0.004 -27"><span class='ocrx_word' id='word_1_3' title='bbox 494 572 654 655; x_wconf 90' lang='lat' dir='ltr'>ipsis</span> <span class='ocrx_word' id='word_1_4' title='bbox 699 573 820 636; x_wconf 85' lang='lat' dir='ltr'>tria</span> <span class='ocrx_word' id='word_1_5' title='bbox 861 574 1204 638; x_wconf 89' lang='lat' dir='ltr'>minimum</span> <span class='ocrx_word' id='word_1_6' title='bbox 1251 574 1479 639; x_wconf 90' lang='lat' dir='ltr'>insunt</span> <span class='ocrx_word' id='word_1_7' title='bbox 1523 579 1692 639; x_wconf 89' lang='lat' dir='ltr'>certo</span> <span class='ocrx_word' id='word_1_8' title='bbox 1744 576 2051 659; x_wconf 88' lang='lat' dir='ltr'>genuina,</span> <span class='ocrx_word' id='word_1_9' title='bbox 2094 575 2581 661; x_wconf 80' lang='lat' dir='ltr'>Necyomantia,</span> 
     </span>
     <span class='ocr_line' id='line_1_3' title="bbox 495 670 2581 765; baseline 0.003 -26"><span class='ocrx_word' id='word_1_10' title='bbox 495 674 1020 762; x_wconf 81' lang='lat' dir='ltr'>Icaromenippus</span> <span class='ocrx_word' id='word_1_11' title='bbox 1065 683 1129 743; x_wconf 87' lang='lat' dir='ltr'>et</span> <span class='ocrx_word' id='word_1_12' title='bbox 1172 670 1453 745; x_wconf 81' lang='lat' dir='ltr'>Deoru‘m</span> <span class='ocrx_word' id='word_1_13' title='bbox 1497 680 1863 762; x_wconf 89' lang='lat' dir='ltr'>concilium,</span> <span class='ocrx_word' id='word_1_14' title='bbox 1908 681 2265 765; x_wconf 90' lang='lat' dir='ltr'>similisque</span> <span class='ocrx_word' id='word_1_15' title='bbox 2310 681 2581 746; x_wconf 90' lang='lat' dir='ltr'>aliorum</span> 
     </span>
     <span class='ocr_line' id='line_1_4' title="bbox 500 780 2582 868; baseline 0.002 -24"><span class='ocrx_word' id='word_1_16' title='bbox 500 780 815 844; x_wconf 84' lang='lat' dir='ltr'>modestia</span> <span class='ocrx_word' id='word_1_17' title='bbox 859 783 1222 847; x_wconf 82' lang='lat' dir='ltr'>criticorum</span> <span class='ocrx_word' id='word_1_18' title='bbox 1267 784 1598 868; x_wconf 88' lang='lat' dir='ltr'>reperitur.</span> <span class='ocrx_word' id='word_1_19' title='bbox 1704 783 1879 848; x_wconf 91' lang='lat' dir='ltr'>Hinc</span> <span class='ocrx_word' id='word_1_20' title='bbox 1924 788 1987 849; x_wconf 91' lang='lat' dir='ltr'>et</span> <span class='ocrx_word' id='word_1_21' title='bbox 2031 785 2469 850; x_wconf 81' lang='lat' dir='ltr'>Groddeckius</span> <span class='ocrx_word' id='word_1_22' title='bbox 2512 787 2582 849; x_wconf 93' lang='lat' dir='ltr'>in</span> 
     </span>
     <span class='ocr_line' id='line_1_5' title="bbox 495 882 2584 974; baseline 0.003 -27"><span class='ocrx_word' id='word_1_23' title='bbox 495 882 664 948; x_wconf 90' lang='lat' dir='ltr'>Hist.</span> <span class='ocrx_word' id='word_1_24' title='bbox 729 883 945 950; x_wconf 84' lang='lat' dir='ltr'>Graec.</span> <span class='ocrx_word' id='word_1_25' title='bbox 1007 886 1129 951; x_wconf 88' lang='lat' dir='ltr'>Lit.</span> <span class='ocrx_word' id='word_1_26' title='bbox 1176 887 1243 951; x_wconf 91' lang='lat' dir='ltr'>II</span> <span class='ocrx_word' id='word_1_27' title='bbox 1302 908 1362 972; x_wconf 92' lang='lat' dir='ltr'>p.</span> <span class='ocrx_word' id='word_1_28' title='bbox 1414 887 1540 953; x_wconf 78' lang='lat'>155</span> <span class='ocrx_word' id='word_1_29' title='bbox 1595 892 1792 952; x_wconf 86' lang='lat' dir='ltr'>totam</span> <span class='ocrx_word' id='word_1_30' title='bbox 1844 908 1981 953; x_wconf 88' lang='lat' dir='ltr'>rem</span> <span class='ocrx_word' id='word_1_31' title='bbox 2038 891 2224 974; x_wconf 90' lang='lat' dir='ltr'>quasi</span> <span class='ocrx_word' id='word_1_32' title='bbox 2276 890 2584 955; x_wconf 83' lang='lat' dir='ltr'>leviorem</span> 
     </span>
     <span class='ocr_line' id='line_1_6' title="bbox 496 972 2585 1078; baseline 0.003 -26"><span class='ocrx_word' id='word_1_33' title='bbox 496 972 722 1071; x_wconf 76' lang='lat' dir='ltr'>paucis</span> <span class='ocrx_word' id='word_1_34' title='bbox 765 990 975 1073; x_wconf 83' lang='lat' dir='ltr'>tetigit</span> <span class='ocrx_word' id='word_1_35' title='bbox 1033 991 1155 1072; x_wconf 89' lang='lat' dir='ltr'>(,de</span> <span class='ocrx_word' id='word_1_36' title='bbox 1215 991 1487 1055; x_wconf 88' lang='lat' dir='ltr'>aliorum</span> <span class='ocrx_word' id='word_1_37' title='bbox 1538 991 1849 1057; x_wconf 90' lang='lat' dir='ltr'>librorum</span> <span class='ocrx_word' id='word_1_38' title='bbox 1878 992 2055 1075; x_wconf 71' lang='lat' dir='ltr'>fide,</span> <span class='ocrx_word' id='word_1_39' title='bbox 2109 995 2341 1078; x_wconf 87' lang='lat' dir='ltr'>inquit,</span> <span class='ocrx_word' id='word_1_40' title='bbox 2398 994 2585 1059; x_wconf 91' lang='lat' dir='ltr'>dubi-</span> 
     </span>
     <span class='ocr_line' id='line_1_7' title="bbox 496 1094 2583 1181; baseline 0.003 -26"><span class='ocrx_word' id='word_1_41' title='bbox 496 1096 669 1156; x_wconf 87' lang='lat' dir='ltr'>tatur</span> <span class='ocrx_word' id='word_1_42' title='bbox 732 1098 808 1156; x_wconf 88' lang='lat' dir='ltr'>ut</span> <span class='ocrx_word' id='word_1_43' title='bbox 873 1094 952 1158; x_wconf 89' lang='lat' dir='ltr'>de</span> <span class='ocrx_word' id='word_1_44' title='bbox 1016 1094 1234 1160; x_wconf 90' lang='lat' dir='ltr'>libello</span> <span class='ocrx_word' id='word_1_45' title='bbox 1300 1094 1410 1160; x_wconf 92' lang='lat' dir='ltr'>De</span> <span class='ocrx_word' id='word_1_46' title='bbox 1476 1096 1616 1161; x_wconf 85' lang='lat' dir='ltr'>dea</span> <span class='ocrx_word' id='word_1_47' title='bbox 1683 1096 1974 1179; x_wconf 85' lang='lat' dir='ltr'>Syria‘)</span> <span class='ocrx_word' id='word_1_48' title='bbox 2043 1117 2117 1161; x_wconf 84' lang='lat' dir='ltr'>ac</span> <span class='ocrx_word' id='word_1_49' title='bbox 2181 1101 2321 1161; x_wconf 88' lang='lat' dir='ltr'>tum</span> <span class='ocrx_word' id='word_1_50' title='bbox 2390 1117 2583 1181; x_wconf 89' lang='lat' dir='ltr'>quem</span> 
     </span>
     <span class='ocr_line' id='line_1_8' title="bbox 497 1197 2583 1284; baseline 0.003 -25"><span class='ocrx_word' id='word_1_51' title='bbox 497 1215 692 1280; x_wconf 87' lang='lat' dir='ltr'>supra</span> <span class='ocrx_word' id='word_1_52' title='bbox 737 1197 876 1262; x_wconf 81' lang='lat' dir='ltr'>dixi</span> <span class='ocrx_word' id='word_1_53' title='bbox 915 1198 1178 1264; x_wconf 83' lang='lat' dir='ltr'>Jacobsi</span> <span class='ocrx_word' id='word_1_54' title='bbox 1219 1199 1435 1264; x_wconf 90' lang='lat' dir='ltr'>locum</span> <span class='ocrx_word' id='word_1_55' title='bbox 1481 1201 1744 1284; x_wconf 82' lang='lat' dir='ltr'>addidit,</span> <span class='ocrx_word' id='word_1_56' title='bbox 1792 1207 1856 1266; x_wconf 90' lang='lat' dir='ltr'>et</span> <span class='ocrx_word' id='word_1_57' title='bbox 1897 1220 2047 1266; x_wconf 81' lang='lat' dir='ltr'>vero</span> <span class='ocrx_word' id='word_1_58' title='bbox 2094 1200 2447 1266; x_wconf 88' lang='lat' dir='ltr'>Schoellius</span> <span class='ocrx_word' id='word_1_59' title='bbox 2492 1204 2583 1283; x_wconf 88' lang='lat' dir='ltr'>(in</span> 
     </span>
     <span class='ocr_line' id='line_1_9' title="bbox 495 1299 2581 1391; baseline 0.003 -29"><span class='ocrx_word' id='word_1_60' title='bbox 495 1300 538 1363; x_wconf 90' lang='lat'>1.</span> <span class='ocrx_word' id='word_1_61' title='bbox 597 1299 973 1368; x_wconf 86' lang='lat' dir='ltr'>Geschichte</span> <span class='ocrx_word' id='word_1_62' title='bbox 1029 1303 1142 1368; x_wconf 91' lang='lat' dir='ltr'>der</span> <span class='ocrx_word' id='word_1_63' title='bbox 1201 1302 1451 1368; x_wconf 83' lang='lat' dir='ltr'>Griech.</span> <span class='ocrx_word' id='word_1_64' title='bbox 1509 1303 1829 1370; x_wconf 87' lang='lat' dir='ltr'>Literatur</span> <span class='ocrx_word' id='word_1_65' title='bbox 1870 1305 1938 1369; x_wconf 87' lang='lat'>11</span> <span class='ocrx_word' id='word_1_66' title='bbox 1994 1326 2055 1390; x_wconf 89' lang='lat' dir='ltr'>p.</span> <span class='ocrx_word' id='word_1_67' title='bbox 2102 1306 2230 1370; x_wconf 84' lang='lat'>477</span> <span class='ocrx_word' id='word_1_68' title='bbox 2280 1326 2419 1391; x_wconf 85' lang='lat' dir='ltr'>sqq.</span> <span class='ocrx_word' id='word_1_69' title='bbox 2469 1307 2581 1371; x_wconf 85' lang='lat' dir='ltr'>ed.</span> 
     </span>
     <span class='ocr_line' id='line_1_10' title="bbox 498 1404 2587 1494; baseline 0.003 -26"><span class='ocrx_word' id='word_1_70' title='bbox 498 1404 716 1490; x_wconf 89' lang='lat' dir='ltr'>Pind.)</span> <span class='ocrx_word' id='word_1_71' title='bbox 759 1425 876 1471; x_wconf 85' lang='lat' dir='ltr'>sex</span> <span class='ocrx_word' id='word_1_72' title='bbox 919 1412 1173 1472; x_wconf 85' lang='lat' dir='ltr'>tantum</span> <span class='ocrx_word' id='word_1_73' title='bbox 1215 1408 1464 1473; x_wconf 90' lang='lat' dir='ltr'>libellos</span> <span class='ocrx_word' id='word_1_74' title='bbox 1508 1408 1781 1474; x_wconf 89' lang='lat' dir='ltr'>Luciani</span> <span class='ocrx_word' id='word_1_75' title='bbox 1813 1430 1952 1474; x_wconf 90' lang='lat' dir='ltr'>esse</span> <span class='ocrx_word' id='word_1_76' title='bbox 1982 1411 2262 1493; x_wconf 85' lang='lat' dir='ltr'>negavit,</span> <span class='ocrx_word' id='word_1_77' title='bbox 2308 1415 2587 1494; x_wconf 87' lang='lat' dir='ltr'>quatuor</span> 
     </span>
     <span class='ocr_line' id='line_1_11' title="bbox 500 1510 2584 1598; baseline 0.002 -26"><span class='ocrx_word' id='word_1_78' title='bbox 500 1515 671 1574; x_wconf 87' lang='lat' dir='ltr'>certa</span> <span class='ocrx_word' id='word_1_79' title='bbox 732 1514 1048 1577; x_wconf 88' lang='lat' dir='ltr'>sententia</span> <span class='ocrx_word' id='word_1_80' title='bbox 1106 1513 1429 1598; x_wconf 86' lang='lat' dir='ltr'>dialogum</span> <span class='ocrx_word' id='word_1_81' title='bbox 1494 1510 1828 1585; x_wconf 51' lang='grc' dir='ltr'>,Ἀλκυὼν</span> <span class='ocrx_word' id='word_1_82' title='bbox 1874 1515 1955 1598; x_wconf 99' lang='grc' dir='ltr'><strong>(Ρ.</strong></span> <span class='ocrx_word' id='word_1_83' title='bbox 2003 1514 2181 1597; x_wconf 84' lang='grc'>477),</span> <span class='ocrx_word' id='word_1_84' title='bbox 2246 1510 2584 1585; x_wconf 61' lang='grc' dir='ltr'>,Λούκιοςε</span> 
     </span>
     <span class='ocr_line' id='line_1_12' title="bbox 501 1613 2588 1704; baseline 0.002 -28"><span class='ocrx_word' id='word_1_85' title='bbox 501 1615 583 1699; x_wconf 89' lang='grc' dir='ltr'><strong>(Ρ.</strong></span> <span class='ocrx_word' id='word_1_86' title='bbox 613 1615 787 1697; x_wconf 90' lang='grc'>486),</span> <span class='ocrx_word' id='word_1_87' title='bbox 832 1617 1348 1697; x_wconf 65' lang='grc' dir='ltr'>,Δημοσθενους</span> <span class='ocrx_word' id='word_1_88' title='bbox 1381 1614 1724 1704; x_wconf 64' lang='grc' dir='ltr'>ἑγκώ,ιιιον’</span> <span class='ocrx_word' id='word_1_89' title='bbox 1754 1622 1834 1703; x_wconf 88' lang='grc' dir='ltr'><strong>(Ρ.</strong></span> <span class='ocrx_word' id='word_1_90' title='bbox 1861 1620 2013 1700; x_wconf 81' lang='grc'>492)</span> <span class='ocrx_word' id='word_1_91' title='bbox 2047 1613 2588 1700; x_wconf 59' lang='lat' dir='ltr'>et‚‹1›126na2919‘</span> 
     </span>
     <span class='ocr_line' id='line_1_13' title="bbox 499 1719 2582 1806; baseline 0.001 -25"><span class='ocrx_word' id='word_1_92' title='bbox 499 1720 580 1803; x_wconf 88' lang='lat' dir='ltr'>(p.</span> <span class='ocrx_word' id='word_1_93' title='bbox 627 1719 758 1786; x_wconf 83' lang='lat'>493</span> <span class='ocrx_word' id='word_1_94' title='bbox 803 1722 948 1806; x_wconf 90' lang='lat' dir='ltr'>sq.),</span> <span class='ocrx_word' id='word_1_95' title='bbox 1007 1722 1136 1786; x_wconf 91' lang='lat' dir='ltr'>duo</span> <span class='ocrx_word' id='word_1_96' title='bbox 1195 1729 1412 1787; x_wconf 88' lang='lat' dir='ltr'>autem</span> <span class='ocrx_word' id='word_1_97' title='bbox 1468 1743 1601 1787; x_wconf 91' lang='lat' dir='ltr'>non</span> <span class='ocrx_word' id='word_1_98' title='bbox 1648 1725 1788 1788; x_wconf 90' lang='lat' dir='ltr'>sine</span> <span class='ocrx_word' id='word_1_99' title='bbox 1835 1722 2235 1787; x_wconf 80' lang='lat' dir='ltr'>dubitatione</span> <span class='ocrx_word' id='word_1_100' title='bbox 2284 1721 2582 1792; x_wconf 82' lang='grc' dir='ltr'><strong><em>,Νεκυσ-</em></strong></span> 
     </span>
     <span class='ocr_line' id='line_1_14' title="bbox 497 1825 2584 1912; baseline 0.003 -29"><span class='ocrx_word' id='word_1_101' title='bbox 497 1829 807 1903; x_wconf 64' lang='lat' dir='ltr'>peavveia‘</span> <span class='ocrx_word' id='word_1_102' title='bbox 857 1828 940 1910; x_wconf 86' lang='lat' dir='ltr'>(p.</span> <span class='ocrx_word' id='word_1_103' title='bbox 986 1828 1139 1906; x_wconf 83' lang='lat'>479)</span> <span class='ocrx_word' id='word_1_104' title='bbox 1189 1827 1469 1912; x_wconf 79' lang='lat' dir='ltr'>denique</span> <span class='ocrx_word' id='word_1_105' title='bbox 1515 1825 1833 1909; x_wconf 64' lang='grc' dir='ltr'>,”Ερω-τες“</span> <span class='ocrx_word' id='word_1_106' title='bbox 1882 1830 1965 1911; x_wconf 87' lang='grc' dir='ltr'><strong>(Ρ.</strong></span> <span class='ocrx_word' id='word_1_107' title='bbox 2012 1829 2184 1907; x_wconf 80' lang='grc'>485).</span> <span class='ocrx_word' id='word_1_108' title='bbox 2278 1825 2584 1890; x_wconf 87' lang='lat' dir='ltr'>Omnium</span> 
     </span>
     <span class='ocr_line' id='line_1_15' title="bbox 498 1928 2585 2016; baseline 0.001 -25"><span class='ocrx_word' id='word_1_109' title='bbox 498 1928 874 2013; x_wconf 87' lang='lat' dir='ltr'>longissime</span> <span class='ocrx_word' id='word_1_110' title='bbox 932 1929 1321 2014; x_wconf 85' lang='lat' dir='ltr'>(Bekkerum</span> <span class='ocrx_word' id='word_1_111' title='bbox 1381 1933 1487 1996; x_wconf 92' lang='lat' dir='ltr'>hic</span> <span class='ocrx_word' id='word_1_112' title='bbox 1555 1951 1803 2016; x_wconf 89' lang='lat' dir='ltr'>semper</span> <span class='ocrx_word' id='word_1_113' title='bbox 1868 1933 2143 2016; x_wconf 82' lang='lat' dir='ltr'>excipio)</span> <span class='ocrx_word' id='word_1_114' title='bbox 2211 1950 2585 2015; x_wconf 89' lang='lat' dir='ltr'>progressus</span> 
     </span>
     <span class='ocr_line' id='line_1_16' title="bbox 504 2029 2589 2120; baseline 0.001 -24"><span class='ocrx_word' id='word_1_115' title='bbox 504 2029 882 2098; x_wconf 85' lang='lat' dir='ltr'>Dindorfius</span> <span class='ocrx_word' id='word_1_116' title='bbox 925 2035 993 2098; x_wconf 94' lang='lat' dir='ltr'>in</span> <span class='ocrx_word' id='word_1_117' title='bbox 1043 2036 1298 2119; x_wconf 85' lang='lat' dir='ltr'>praefat.</span> <span class='ocrx_word' id='word_1_118' title='bbox 1345 2037 1425 2100; x_wconf 90' lang='lat' dir='ltr'>ad</span> <span class='ocrx_word' id='word_1_119' title='bbox 1468 2036 1832 2101; x_wconf 89' lang='lat' dir='ltr'>Lucianum</span> <span class='ocrx_word' id='word_1_120' title='bbox 1876 2056 1936 2120; x_wconf 89' lang='grc' dir='ltr'><strong>Ρ.</strong></span> <span class='ocrx_word' id='word_1_121' title='bbox 1967 2035 2073 2100; x_wconf 91' lang='lat' dir='ltr'>IX</span> <span class='ocrx_word' id='word_1_122' title='bbox 2104 2056 2200 2120; x_wconf 90' lang='lat' dir='ltr'>sq.</span> <span class='ocrx_word' id='word_1_123' title='bbox 2250 2035 2589 2100; x_wconf 90' lang='lat' dir='ltr'>duodecim</span> 
     </span>
     <span class='ocr_line' id='line_1_17' title="bbox 500 2136 2589 2226; baseline 0.001 -26"><span class='ocrx_word' id='word_1_124' title='bbox 500 2136 696 2202; x_wconf 91' lang='lat' dir='ltr'>libros</span> <span class='ocrx_word' id='word_1_125' title='bbox 732 2137 812 2202; x_wconf 87' lang='lat' dir='ltr'>ab</span> <span class='ocrx_word' id='word_1_126' title='bbox 842 2138 1129 2204; x_wconf 88' lang='lat' dir='ltr'>Luciano</span> <span class='ocrx_word' id='word_1_127' title='bbox 1176 2142 1443 2226; x_wconf 86' lang='lat' dir='ltr'>scriptos</span> <span class='ocrx_word' id='word_1_128' title='bbox 1488 2160 1628 2206; x_wconf 88' lang='lat' dir='ltr'>esse</span> <span class='ocrx_word' id='word_1_129' title='bbox 1671 2146 1865 2225; x_wconf 83' lang='lat' dir='ltr'>negat</span> <span class='ocrx_word' id='word_1_130' title='bbox 1909 2141 2233 2224; x_wconf 88' lang='lat' dir='ltr'>additque,</span> <span class='ocrx_word' id='word_1_131' title='bbox 2278 2141 2333 2204; x_wconf 90' lang='lat' dir='ltr'>si</span> <span class='ocrx_word' id='word_1_132' title='bbox 2379 2141 2589 2203; x_wconf 88' lang='lat' dir='ltr'>omnis</span> 
     </span>
     <span class='ocr_line' id='line_1_18' title="bbox 500 2242 2591 2330; baseline 0.001 -24"><span class='ocrx_word' id='word_1_133' title='bbox 500 2242 659 2306; x_wconf 86' lang='lat' dir='ltr'>haec</span> <span class='ocrx_word' id='word_1_134' title='bbox 706 2247 994 2327; x_wconf 83' lang='lat' dir='ltr'>quaestio</span> <span class='ocrx_word' id='word_1_135' title='bbox 1034 2247 1396 2310; x_wconf 83' lang='lat' dir='ltr'>accuratius</span> <span class='ocrx_word' id='word_1_136' title='bbox 1427 2251 1801 2330; x_wconf 86' lang='lat' dir='ltr'>pertractata</span> <span class='ocrx_word' id='word_1_137' title='bbox 1845 2245 2058 2328; x_wconf 79' lang='lat' dir='ltr'>fuerit,</span> <span class='ocrx_word' id='word_1_138' title='bbox 2101 2264 2290 2329; x_wconf 90' lang='lat' dir='ltr'>posse</span> <span class='ocrx_word' id='word_1_139' title='bbox 2333 2244 2473 2308; x_wconf 88' lang='lat' dir='ltr'>fieri</span> <span class='ocrx_word' id='word_1_140' title='bbox 2515 2249 2591 2308; x_wconf 88' lang='lat' dir='ltr'>ut</span> 
     </span>
     <span class='ocr_line' id='line_1_19' title="bbox 502 2348 2588 2434; baseline 0.001 -24"><span class='ocrx_word' id='word_1_141' title='bbox 502 2366 708 2412; x_wconf 87' lang='lat' dir='ltr'>unum</span> <span class='ocrx_word' id='word_1_142' title='bbox 743 2348 1141 2434; x_wconf 87' lang='lat' dir='ltr'>alterumque</span> <span class='ocrx_word' id='word_1_143' title='bbox 1170 2357 1491 2434; x_wconf 87' lang='lat' dir='ltr'>praeterea</span> <span class='ocrx_word' id='word_1_144' title='bbox 1534 2350 1821 2414; x_wconf 90' lang='lat' dir='ltr'>libellum</span> <span class='ocrx_word' id='word_1_145' title='bbox 1854 2349 2141 2413; x_wconf 89' lang='lat' dir='ltr'>Luciano</span> <span class='ocrx_word' id='word_1_146' title='bbox 2178 2349 2588 2433; x_wconf 87' lang='lat' dir='ltr'>suppositum</span> 
     </span>
     <span class='ocr_line' id='line_1_20' title="bbox 503 2453 2588 2539; baseline 0 -24"><span class='ocrx_word' id='word_1_147' title='bbox 503 2471 642 2516; x_wconf 87' lang='lat' dir='ltr'>esse</span> <span class='ocrx_word' id='word_1_148' title='bbox 687 2460 1002 2538; x_wconf 85' lang='lat' dir='ltr'>appareat.</span> <span class='ocrx_word' id='word_1_149' title='bbox 1097 2453 1276 2530; x_wconf 80' lang='lat' dir='ltr'>Quae</span> <span class='ocrx_word' id='word_1_150' title='bbox 1323 2476 1528 2539; x_wconf 89' lang='lat' dir='ltr'>quum</span> <span class='ocrx_word' id='word_1_151' title='bbox 1573 2456 1663 2519; x_wconf 89' lang='lat' dir='ltr'>ita</span> <span class='ocrx_word' id='word_1_152' title='bbox 1722 2456 1872 2537; x_wconf 90' lang='lat' dir='ltr'>sint,</span> <span class='ocrx_word' id='word_1_153' title='bbox 1933 2455 2226 2538; x_wconf 88' lang='lat' dir='ltr'>sequitur</span> <span class='ocrx_word' id='word_1_154' title='bbox 2283 2459 2588 2538; x_wconf 88' lang='lat' dir='ltr'>quatuor-</span> 
     </span>
     <span class='ocr_line' id='line_1_21' title="bbox 505 2556 2585 2645; baseline 0.001 -25"><span class='ocrx_word' id='word_1_155' title='bbox 505 2556 710 2622; x_wconf 87' lang='lat' dir='ltr'>decim</span> <span class='ocrx_word' id='word_1_156' title='bbox 757 2578 1087 2625; x_wconf 88' lang='lat' dir='ltr'>summum</span> <span class='ocrx_word' id='word_1_157' title='bbox 1133 2560 1446 2644; x_wconf 85' lang='lat' dir='ltr'>opuscula</span> <span class='ocrx_word' id='word_1_158' title='bbox 1498 2579 1614 2645; x_wconf 90' lang='lat' dir='ltr'>pro</span> <span class='ocrx_word' id='word_1_159' title='bbox 1672 2560 1909 2645; x_wconf 88' lang='lat' dir='ltr'>spuriis</span> <span class='ocrx_word' id='word_1_160' title='bbox 1953 2558 2056 2623; x_wconf 83' lang='lat' dir='ltr'>vel</span> <span class='ocrx_word' id='word_1_161' title='bbox 2103 2558 2325 2624; x_wconf 84' lang='lat' dir='ltr'>saltem</span> <span class='ocrx_word' id='word_1_162' title='bbox 2372 2557 2585 2622; x_wconf 90' lang='lat' dir='ltr'>dubiis</span> 
     </span>
     <span class='ocr_line' id='line_1_22' title="bbox 502 2661 2586 2748; baseline 0 -23"><span class='ocrx_word' id='word_1_163' title='bbox 502 2661 721 2727; x_wconf 88' lang='lat' dir='ltr'>habita</span> <span class='ocrx_word' id='word_1_164' title='bbox 787 2684 944 2730; x_wconf 90' lang='lat' dir='ltr'>esse.</span> <span class='ocrx_word' id='word_1_165' title='bbox 1048 2665 1295 2730; x_wconf 90' lang='lat' dir='ltr'>Verum</span> <span class='ocrx_word' id='word_1_166' title='bbox 1362 2668 1686 2730; x_wconf 87' lang='lat' dir='ltr'>enimvero</span> <span class='ocrx_word' id='word_1_167' title='bbox 1753 2662 1812 2728; x_wconf 84' lang='lat' dir='ltr'>J.</span> <span class='ocrx_word' id='word_1_168' title='bbox 1871 2662 2123 2729; x_wconf 83' lang='lat' dir='ltr'>Bekker</span> <span class='ocrx_word' id='word_1_169' title='bbox 2189 2683 2395 2748; x_wconf 89' lang='lat' dir='ltr'>quum</span> <span class='ocrx_word' id='word_1_170' title='bbox 2458 2663 2586 2746; x_wconf 91' lang='lat' dir='ltr'>ipsi</span> 
     </span>
     <span class='ocr_line' id='line_1_23' title="bbox 502 2764 2586 2854; baseline -0 -24"><span class='ocrx_word' id='word_1_171' title='bbox 502 2766 789 2833; x_wconf 90' lang='lat' dir='ltr'>Luciano</span> <span class='ocrx_word' id='word_1_172' title='bbox 853 2768 1008 2833; x_wconf 90' lang='lat' dir='ltr'>LIII</span> <span class='ocrx_word' id='word_1_173' title='bbox 1074 2775 1325 2834; x_wconf 89' lang='lat' dir='ltr'>tantum</span> <span class='ocrx_word' id='word_1_174' title='bbox 1390 2770 1588 2833; x_wconf 92' lang='lat' dir='ltr'>libros</span> <span class='ocrx_word' id='word_1_175' title='bbox 1652 2770 2049 2854; x_wconf 85' lang='lat' dir='ltr'>reliquisset,</span> <span class='ocrx_word' id='word_1_176' title='bbox 2116 2764 2325 2830; x_wconf 80' lang='grc' dir='ltr'><em>ἄλλων</em></span> <span class='ocrx_word' id='word_1_177' title='bbox 2388 2773 2586 2829; x_wconf 64' lang='grc' dir='ltr'>«τινῶν</span> 
     </span>
     <span class='ocr_line' id='line_1_24' title="bbox 501 2871 2584 2957; baseline 0 -22"><span class='ocrx_word' id='word_1_178' title='bbox 501 2871 703 2937; x_wconf 86' lang='lat' dir='ltr'>fuisse</span> <span class='ocrx_word' id='word_1_179' title='bbox 760 2874 1074 2957; x_wconf 88' lang='lat' dir='ltr'>opuscula</span> <span class='ocrx_word' id='word_1_180' title='bbox 1127 2873 1428 2938; x_wconf 86' lang='lat' dir='ltr'>XXVIII</span> <span class='ocrx_word' id='word_1_181' title='bbox 1486 2875 1769 2938; x_wconf 82' lang='lat' dir='ltr'>narravit</span> <span class='ocrx_word' id='word_1_182' title='bbox 1825 2874 1947 2938; x_wconf 85' lang='lat' dir='ltr'>vol.</span> <span class='ocrx_word' id='word_1_183' title='bbox 1994 2872 2062 2937; x_wconf 96' lang='lat' dir='ltr'>II</span> <span class='ocrx_word' id='word_1_184' title='bbox 2107 2893 2167 2957; x_wconf 93' lang='grc' dir='ltr'><strong>Ρ.</strong></span> <span class='ocrx_word' id='word_1_185' title='bbox 2222 2871 2584 2953; x_wconf 80' lang='grc'>153-450,</span> 
     </span>
     <span class='ocr_line' id='line_1_25' title="bbox 501 2975 2582 3062; baseline -0.001 -22"><span class='ocrx_word' id='word_1_186' title='bbox 501 2978 786 3041; x_wconf 85' lang='lat' dir='ltr'>narravit</span> <span class='ocrx_word' id='word_1_187' title='bbox 839 2983 1051 3044; x_wconf 88' lang='lat' dir='ltr'>autem</span> <span class='ocrx_word' id='word_1_188' title='bbox 1108 2984 1184 3043; x_wconf 91' lang='lat' dir='ltr'>ut</span> <span class='ocrx_word' id='word_1_189' title='bbox 1237 2981 1472 3061; x_wconf 85' lang='lat' dir='ltr'>omnia,</span> <span class='ocrx_word' id='word_1_190' title='bbox 1532 2980 1740 3043; x_wconf 86' lang='lat' dir='ltr'>tacito.</span> <span class='ocrx_word' id='word_1_191' title='bbox 1844 2980 2050 3062; x_wconf 89' lang='lat' dir='ltr'>Atqui</span> <span class='ocrx_word' id='word_1_192' title='bbox 2102 2980 2235 3062; x_wconf 88' lang='lat' dir='ltr'>jam</span> <span class='ocrx_word' id='word_1_193' title='bbox 2294 2975 2446 3039; x_wconf 91' lang='lat' dir='ltr'>inde</span> <span class='ocrx_word' id='word_1_194' title='bbox 2503 2975 2582 3039; x_wconf 91' lang='lat' dir='ltr'>ab</span> 
     </span>
     <span class='ocr_line' id='line_1_26' title="bbox 501 3083 2584 3168; baseline -0 -23"><span class='ocrx_word' id='word_1_195' title='bbox 501 3083 742 3147; x_wconf 85' lang='lat' dir='ltr'>renatis</span> <span class='ocrx_word' id='word_1_196' title='bbox 800 3083 1002 3148; x_wconf 87' lang='lat' dir='ltr'>literis</span> <span class='ocrx_word' id='word_1_197' title='bbox 1058 3084 1166 3147; x_wconf 88' lang='lat' dir='ltr'>hic</span> <span class='ocrx_word' id='word_1_198' title='bbox 1218 3103 1359 3148; x_wconf 90' lang='lat' dir='ltr'>mos</span> <span class='ocrx_word' id='word_1_199' title='bbox 1417 3084 1580 3168; x_wconf 88' lang='lat' dir='ltr'>legis</span> <span class='ocrx_word' id='word_1_200' title='bbox 1636 3085 1839 3148; x_wconf 86' lang='lat' dir='ltr'>instar</span> <span class='ocrx_word' id='word_1_201' title='bbox 1883 3083 2161 3147; x_wconf 87' lang='lat' dir='ltr'>obtinuit</span> <span class='ocrx_word' id='word_1_202' title='bbox 2205 3099 2584 3165; x_wconf 88' lang='lat' dir='ltr'>semperque</span> 
     </span>
     <span class='ocr_line' id='line_1_27' title="bbox 500 3186 2585 3273; baseline 0 -24"><span class='ocrx_word' id='word_1_203' title='bbox 500 3186 725 3269; x_wconf 83' lang='lat' dir='ltr'>valuit,</span> <span class='ocrx_word' id='word_1_204' title='bbox 771 3189 828 3251; x_wconf 91' lang='lat' dir='ltr'>si</span> <span class='ocrx_word' id='word_1_205' title='bbox 873 3190 1020 3272; x_wconf 87' lang='lat' dir='ltr'>quis</span> <span class='ocrx_word' id='word_1_206' title='bbox 1064 3208 1366 3273; x_wconf 88' lang='lat' dir='ltr'>graecum</span> <span class='ocrx_word' id='word_1_207' title='bbox 1403 3189 1684 3273; x_wconf 82' lang='lat' dir='ltr'>aliquem</span> <span class='ocrx_word' id='word_1_208' title='bbox 1730 3187 1966 3252; x_wconf 90' lang='lat' dir='ltr'>librum</span> <span class='ocrx_word' id='word_1_209' title='bbox 1995 3188 2098 3253; x_wconf 82' lang='lat' dir='ltr'>vel</span> <span class='ocrx_word' id='word_1_210' title='bbox 2140 3187 2415 3250; x_wconf 87' lang='lat' dir='ltr'>latinum</span> <span class='ocrx_word' id='word_1_211' title='bbox 2446 3203 2585 3249; x_wconf 89' lang='lat' dir='ltr'>esse</span> 
     </span>
     <span class='ocr_line' id='line_1_28' title="bbox 502 3281 2586 3377; baseline -0.001 -23"><span class='ocrx_word' id='word_1_212' title='bbox 502 3292 797 3374; x_wconf 87' lang='lat' dir='ltr'>spurium</span> <span class='ocrx_word' id='word_1_213' title='bbox 835 3294 1202 3376; x_wconf 86' lang='lat' dir='ltr'>judicasset,</span> <span class='ocrx_word' id='word_1_214' title='bbox 1249 3299 1321 3357; x_wconf 89' lang='lat' dir='ltr'>ut</span> <span class='ocrx_word' id='word_1_215' title='bbox 1364 3294 1420 3356; x_wconf 88' lang='lat' dir='ltr'>is</span> <span class='ocrx_word' id='word_1_216' title='bbox 1465 3298 1798 3377; x_wconf 85' lang='lat' dir='ltr'>cogeretur</span> <span class='ocrx_word' id='word_1_217' title='bbox 1838 3294 2152 3357; x_wconf 88' lang='lat' dir='ltr'>rationem</span> <span class='ocrx_word' id='word_1_218' title='bbox 2203 3281 2466 3356; x_wconf 87' lang='lat' dir='ltr'>reddere</span> <span class='ocrx_word' id='word_1_219' title='bbox 2523 3294 2586 3353; x_wconf 90' lang='lat' dir='ltr'>et</span> 
     </span>
    </p>

    <p class='ocr_par' dir='ltr' id='par_1_3' title="bbox 421 3394 2586 4429">
     <span class='ocr_line' id='line_1_29' title="bbox 503 3394 2584 3482; baseline -0.001 -23"><span class='ocrx_word' id='word_1_220' title='bbox 503 3398 899 3480; x_wconf 86' lang='lat' dir='ltr'>argumentis</span> <span class='ocrx_word' id='word_1_221' title='bbox 955 3398 1321 3482; x_wconf 90' lang='lat' dir='ltr'>opinionem</span> <span class='ocrx_word' id='word_1_222' title='bbox 1377 3417 1564 3464; x_wconf 83' lang='lat' dir='ltr'>suam</span> <span class='ocrx_word' id='word_1_223' title='bbox 1620 3398 1973 3465; x_wconf 88' lang='lat' dir='ltr'>defendere.</span> <span class='ocrx_word' id='word_1_224' title='bbox 2075 3397 2254 3474; x_wconf 82' lang='lat' dir='ltr'>Quae</span> <span class='ocrx_word' id='word_1_225' title='bbox 2321 3394 2584 3479; x_wconf 90' lang='lat' dir='ltr'>quidem</span> 
     </span>
     <span class='ocr_line' id='line_1_30' title="bbox 421 3489 2583 3587; baseline 0 -25"><span class='ocrx_word' id='word_1_226' title='bbox 421 3489 425 3494; x_wconf 39' lang='lat'><em>⁹</em></span> <span class='ocrx_word' id='word_1_227' title='bbox 500 3499 610 3564; x_wconf 82' lang='lat' dir='ltr'>lex</span> <span class='ocrx_word' id='word_1_228' title='bbox 655 3502 711 3565; x_wconf 92' lang='lat' dir='ltr'>si</span> <span class='ocrx_word' id='word_1_229' title='bbox 755 3501 1028 3567; x_wconf 85' lang='lat' dir='ltr'>violetur</span> <span class='ocrx_word' id='word_1_230' title='bbox 1067 3523 1283 3587; x_wconf 89' lang='lat' dir='ltr'>neque</span> <span class='ocrx_word' id='word_1_231' title='bbox 1339 3504 1665 3567; x_wconf 90' lang='lat' dir='ltr'>mordicus</span> <span class='ocrx_word' id='word_1_232' title='bbox 1724 3503 1802 3567; x_wconf 91' lang='lat' dir='ltr'>ab</span> <span class='ocrx_word' id='word_1_233' title='bbox 1863 3502 2163 3567; x_wconf 88' lang='lat' dir='ltr'>omnibus</span> <span class='ocrx_word' id='word_1_234' title='bbox 2220 3502 2583 3582; x_wconf 86' lang='lat' dir='ltr'>retineatur,</span> 
     </span>
     <span class='ocr_line' id='line_1_31' title="bbox 504 3607 2583 3691; baseline 0 -23"><span class='ocrx_word' id='word_1_235' title='bbox 504 3624 634 3668; x_wconf 91' lang='lat' dir='ltr'>non</span> <span class='ocrx_word' id='word_1_236' title='bbox 665 3607 853 3670; x_wconf 91' lang='lat' dir='ltr'>modo</span> <span class='ocrx_word' id='word_1_237' title='bbox 897 3608 976 3672; x_wconf 89' lang='lat' dir='ltr'>de</span> <span class='ocrx_word' id='word_1_238' title='bbox 1022 3608 1329 3691; x_wconf 85' lang='lat' dir='ltr'>dignitate</span> <span class='ocrx_word' id='word_1_239' title='bbox 1361 3608 1472 3672; x_wconf 90' lang='lat' dir='ltr'>sed</span> <span class='ocrx_word' id='word_1_240' title='bbox 1519 3608 1597 3671; x_wconf 90' lang='lat' dir='ltr'>de</span> <span class='ocrx_word' id='word_1_241' title='bbox 1628 3607 1831 3672; x_wconf 87' lang='lat' dir='ltr'>salute</span> <span class='ocrx_word' id='word_1_242' title='bbox 1868 3608 2190 3672; x_wconf 85' lang='lat' dir='ltr'>literarum</span> <span class='ocrx_word' id='word_1_243' title='bbox 2222 3610 2583 3669; x_wconf 89' lang='lat' dir='ltr'>nostrarum</span> 
     </span>
     <span class='ocr_line' id='line_1_32' title="bbox 505 3710 2585 3796; baseline -0 -23"><span class='ocrx_word' id='word_1_244' title='bbox 505 3710 975 3794; x_wconf 87' lang='lat' dir='ltr'>desperandum</span> <span class='ocrx_word' id='word_1_245' title='bbox 1034 3718 1147 3776; x_wconf 85' lang='lat' dir='ltr'>est.</span> <span class='ocrx_word' id='word_1_246' title='bbox 1240 3711 1529 3777; x_wconf 86' lang='lat' dir='ltr'>Bekkero</span> <span class='ocrx_word' id='word_1_247' title='bbox 1589 3717 1664 3777; x_wconf 89' lang='lat' dir='ltr'>ut</span> <span class='ocrx_word' id='word_1_248' title='bbox 1718 3713 1907 3776; x_wconf 88' lang='lat' dir='ltr'>liceat</span> <span class='ocrx_word' id='word_1_249' title='bbox 1951 3731 1986 3776; x_wconf 91' lang='lat' dir='ltr'>e</span> <span class='ocrx_word' id='word_1_250' title='bbox 2029 3710 2314 3775; x_wconf 87' lang='lat' dir='ltr'>Luciano</span> <span class='ocrx_word' id='word_1_251' title='bbox 2367 3711 2585 3796; x_wconf 90' lang='lat' dir='ltr'>ipsum</span> 
     </span>
     <span class='ocr_line' id='line_1_33' title="bbox 502 3813 2583 3899; baseline -0.001 -20"><span class='ocrx_word' id='word_1_252' title='bbox 502 3815 719 3880; x_wconf 84' lang='lat' dir='ltr'>tollere</span> <span class='ocrx_word' id='word_1_253' title='bbox 762 3814 1174 3881; x_wconf 74' lang='lat' dir='ltr'>Lucianum‘?</span> <span class='ocrx_word' id='word_1_254' title='bbox 1235 3825 1309 3884; x_wconf 90' lang='lat' dir='ltr'>ut</span> <span class='ocrx_word' id='word_1_255' title='bbox 1360 3818 1469 3882; x_wconf 91' lang='lat' dir='ltr'>ille</span> <span class='ocrx_word' id='word_1_256' title='bbox 1525 3817 1702 3881; x_wconf 87' lang='lat' dir='ltr'>solus</span> <span class='ocrx_word' id='word_1_257' title='bbox 1746 3816 1881 3881; x_wconf 87' lang='lat' dir='ltr'>solo</span> <span class='ocrx_word' id='word_1_258' title='bbox 1926 3819 2091 3879; x_wconf 90' lang='lat' dir='ltr'>nutu</span> <span class='ocrx_word' id='word_1_259' title='bbox 2138 3821 2201 3879; x_wconf 92' lang='lat' dir='ltr'>et</span> <span class='ocrx_word' id='word_1_260' title='bbox 2245 3813 2583 3899; x_wconf 90' lang='lat' dir='ltr'>supercilio</span> 
     </span>
     <span class='ocr_line' id='line_1_34' title="bbox 503 3921 2586 4006; baseline -0.001 -23"><span class='ocrx_word' id='word_1_261' title='bbox 503 3926 645 3983; x_wconf 88' lang='lat' dir='ltr'>octo</span> <span class='ocrx_word' id='word_1_262' title='bbox 691 3925 753 3985; x_wconf 90' lang='lat' dir='ltr'>et</span> <span class='ocrx_word' id='word_1_263' title='bbox 795 3922 1026 4005; x_wconf 82' lang='lat' dir='ltr'>viginti</span> <span class='ocrx_word' id='word_1_264' title='bbox 1083 3921 1280 3986; x_wconf 88' lang='lat' dir='ltr'>libros</span> <span class='ocrx_word' id='word_1_265' title='bbox 1335 3923 1603 4006; x_wconf 90' lang='lat' dir='ltr'>impune</span> <span class='ocrx_word' id='word_1_266' title='bbox 1660 3923 1885 4005; x_wconf 87' lang='lat' dir='ltr'>ejicere</span> <span class='ocrx_word' id='word_1_267' title='bbox 1939 3922 2139 4006; x_wconf 88' lang='lat' dir='ltr'>possit</span> <span class='ocrx_word' id='word_1_268' title='bbox 2194 3927 2387 4004; x_wconf 90' lang='lat' dir='ltr'>atque</span> <span class='ocrx_word' id='word_1_269' title='bbox 2439 3937 2586 4002; x_wconf 90' lang='lat' dir='ltr'>pro-</span> 
     </span>
     <span class='ocr_line' id='line_1_35' title="bbox 505 4022 2586 4109; baseline -0 -21"><span class='ocrx_word' id='word_1_270' title='bbox 505 4025 825 4090; x_wconf 82' lang='lat' dir='ltr'>scribere?</span> <span class='ocrx_word' id='word_1_271' title='bbox 934 4025 1164 4109; x_wconf 89' lang='lat' dir='ltr'>Neque</span> <span class='ocrx_word' id='word_1_272' title='bbox 1223 4029 1398 4091; x_wconf 92' lang='lat' dir='ltr'>enim</span> <span class='ocrx_word' id='word_1_273' title='bbox 1456 4027 1671 4091; x_wconf 81' lang='lat' dir='ltr'>verbis</span> <span class='ocrx_word' id='word_1_274' title='bbox 1729 4026 1842 4090; x_wconf 85' lang='lat' dir='ltr'>secl</span> <span class='ocrx_word' id='word_1_275' title='bbox 1898 4022 2271 4090; x_wconf 86' lang='lat' dir='ltr'>verberibus</span> <span class='ocrx_word' id='word_1_276' title='bbox 2337 4024 2586 4088; x_wconf 90' lang='lat' dir='ltr'>studuit</span> 
     </span>
     <span class='ocr_line' id='line_1_36' title="bbox 505 4128 2584 4220; baseline -0.001 -27"><span class='ocrx_word' id='word_1_277' title='bbox 505 4148 758 4220; x_wconf 87' lang='lat' dir='ltr'>omnem</span> <span class='ocrx_word' id='word_1_278' title='bbox 828 4130 994 4196; x_wconf 84' lang='lat' dir='ltr'>hanc</span> <span class='ocrx_word' id='word_1_279' title='bbox 1060 4131 1237 4196; x_wconf 89' lang='lat' dir='ltr'>litem</span> <span class='ocrx_word' id='word_1_280' title='bbox 1306 4133 1635 4197; x_wconf 89' lang='lat' dir='ltr'>dirimere:</span> <span class='ocrx_word' id='word_1_281' title='bbox 1717 4131 1772 4195; x_wconf 93' lang='lat' dir='ltr'>si</span> <span class='ocrx_word' id='word_1_282' title='bbox 1838 4137 2050 4194; x_wconf 88' lang='lat' dir='ltr'>tamen</span> <span class='ocrx_word' id='word_1_283' title='bbox 2117 4130 2199 4193; x_wconf 91' lang='lat' dir='ltr'>lis</span> <span class='ocrx_word' id='word_1_284' title='bbox 2265 4135 2392 4210; x_wconf 88' lang='lat' dir='ltr'>est,</span> <span class='ocrx_word' id='word_1_285' title='bbox 2468 4128 2584 4192; x_wconf 89' lang='lat' dir='ltr'>ubi</span> 
     </span>
     <span class='ocr_line' id='line_1_37' title="bbox 504 4232 2584 4321; baseline -0 -24"><span class='ocrx_word' id='word_1_286' title='bbox 504 4232 839 4299; x_wconf 82' lang='lat' dir='ltr'>Bekkerus</span> <span class='ocrx_word' id='word_1_287' title='bbox 894 4236 1127 4321; x_wconf 86' lang='lat' dir='ltr'>pulsat,</span> <span class='ocrx_word' id='word_1_288' title='bbox 1184 4235 1515 4301; x_wconf 90' lang='lat' dir='ltr'>Lucianus</span> <span class='ocrx_word' id='word_1_289' title='bbox 1562 4236 1822 4321; x_wconf 86' lang='lat' dir='ltr'>vapulat</span> <span class='ocrx_word' id='word_1_290' title='bbox 1880 4240 2150 4298; x_wconf 89' lang='lat' dir='ltr'>tantum.</span> <span class='ocrx_word' id='word_1_291' title='bbox 2250 4233 2335 4297; x_wconf 82' lang='lat' dir='ltr'>&#39;Et</span> <span class='ocrx_word' id='word_1_292' title='bbox 2380 4253 2584 4317; x_wconf 90' lang='lat' dir='ltr'>quan-</span> 
     </span>
     <span class='ocr_line' id='line_1_38' title="bbox 508 4340 2584 4429; baseline 0.001 -28"><span class='ocrx_word' id='word_1_293' title='bbox 508 4358 703 4425; x_wconf 85' lang='lat' dir='ltr'>quam</span> <span class='ocrx_word' id='word_1_294' title='bbox 736 4340 980 4428; x_wconf 86' lang='lat' dir='ltr'>aliquid</span> <span class='ocrx_word' id='word_1_295' title='bbox 1013 4359 1161 4405; x_wconf 90' lang='lat' dir='ltr'>eum</span> <span class='ocrx_word' id='word_1_296' title='bbox 1204 4347 1379 4429; x_wconf 88' lang='lat' dir='ltr'>patet</span> <span class='ocrx_word' id='word_1_297' title='bbox 1421 4342 1527 4406; x_wconf 91' lang='lat' dir='ltr'>hic</span> <span class='ocrx_word' id='word_1_298' title='bbox 1561 4359 1820 4429; x_wconf 90' lang='lat' dir='ltr'>quoque</span> <span class='ocrx_word' id='word_1_299' title='bbox 1851 4347 2145 4408; x_wconf 86' lang='lat' dir='ltr'>secutum</span> <span class='ocrx_word' id='word_1_300' title='bbox 2191 4357 2351 4424; x_wconf 88' lang='lat' dir='ltr'>esse,</span> <span class='ocrx_word' id='word_1_301' title='bbox 2395 4357 2584 4404; x_wconf 89' lang='lat' dir='ltr'>nemo</span> 
     </span>
    </p>
   </div>
  </div>
 </body>
</html>
