3099 5241
542 397 714 455 XXX
1358 401 1455 455 DE
1509 401 1813 457 LUCIANI

542 576 668 658 μὲν
727 569 844 639 οὖν
889 571 1287 659 Σωστράτου
1345 580 1412 641 ἐν
1475 575 1640 662 ἄλλῳ
1693 578 1916 665 βιβλίῳ
1959 579 2320 666 γέγραπταί
2359 605 2479 664 μοι
2526 580 2629 646 καὶ

547 675 904 762 δεδήλωται
945 676 1236 765 μέγεθός
1279 706 1350 745 τε
1396 679 1600 746 αὐτοῦ
1648 686 1753 745 καὶ
1803 680 2015 769 ἰσχύος
2059 683 2386 770 ὑπερβολή
2434 688 2536 751 καὶ
2583 684 2624 768 ἡ

543 786 878 876 ὕπαιθρος
939 787 1007 848 ἐν
1067 790 1152 862 τῷ
1197 783 1534 868 Παρνασῷ
1593 784 1748 868 εὐνή
1811 788 1916 851 καὶ
1959 785 2001 869 ἡ
2052 789 2369 863 ἐπίπονος
2415 789 2626 857 δίαιτα

541 892 645 957 καὶ
708 884 947 973 τροφαὶ
1021 886 1220 971 ὄρειοι
1275 891 1379 953 καὶ
1440 896 1593 977 ἔργα
1657 888 1771 954 οὐκ
1831 889 2062 977 ἀπῳδὰ
2123 901 2239 958 τοῦ
2301 891 2629 980 ὀνόματος

541 1001 646 1064 καὶ
727 997 850 1060 ὅσα
928 989 971 1073 ἦ
1040 994 1277 1083 λῃστὰς
1345 994 1629 1078 ἀναιρῶν
1697 993 1970 1078 ἔπραξεν
2035 996 2079 1078 ἢ
2149 997 2481 1065 ὁδοποιῶν
2546 991 2625 1066 τὰ

542 1102 758 1191 ἄβατα
816 1101 860 1182 ἢ
914 1113 1213 1197 γεφυρῶν
1270 1096 1350 1166 τοὶ
1399 1097 1724 1183 δύσπορα.
1818 1102 1966 1184 περὶ
2025 1101 2094 1165 δὲ
2139 1101 2624 1185 Δημώνοωιτοςι

542 1235 599 1274 κ.
673 1236 733 1276 τ.
800 1219 852 1277 ἑ.
877 1214 937 1300 *)
1040 1213 1146 1276 Ex
1212 1210 1312 1272 his
1379 1206 1687 1285 efficitur,
1753 1204 2017 1271 Sostrati
2075 1207 2290 1273 Vitam
2365 1212 2627 1276 minime

542 1319 803 1397 satyrici
825 1320 1099 1403 generis,
1131 1315 1240 1381 sed
1267 1332 1551 1378 severam
1573 1311 1774 1375 fuisse
1796 1313 2240 1377 narrationem.
2300 1312 2541 1380 Lucian
2551 1336 2627 1381 us

548 1421 723 1484 enim
768 1423 823 1485 si
870 1425 1017 1507 quis
1061 1423 1227 1486 alius
1272 1421 1537 1483 noverat
1582 1436 1785 1500 quum
1838 1419 2053 1482 omnia
2095 1423 2235 1483 tum
2283 1439 2449 1504 quae
2491 1423 2628 1506 ipse

541 1524 814 1590 vidisset
870 1533 1178 1611 tanquam
1238 1524 1319 1588 ob
1381 1522 1624 1586 oculos·
1657 1522 1864 1605 posita
1917 1521 2426 1590 luculentissime
2482 1546 2627 1590 sua-

545 1629 940 1719 vissimeque
991 1627 1362 1696 describere.
1453 1626 1635 1690 Idem
1680 1631 1895 1690 autem
1940 1629 2121 1692 seriis
2166 1630 2432 1695 miscere
2463 1645 2628 1694 ‘con-

543 1734 758 1798 suevit
792 1736 1031 1819 jocosa,
1095 1731 1639 1818 quemadmodum
1683 1729 2092 1797 Demonactis
2136 1734 2305 1798 vitae
2348 1735 2628 1800 urbanos

684 1908 736 1977 *)
774 1908 1066 1962 Adnotatio
1103 1906 1293 1961 critica
1327 1908 1507 1958 nostra
1542 1905 1609 1958 ad
1645 1903 2026 1957 Demonactem
2062 1906 2092 1973 ξ
2130 1911 2158 1963 1
2197 1905 2328 1961 haec
2363 1909 2461 1962 est.
2515 1928 2626 1982 ‚w-

541 1994 896 2049 παντάπασιν
951 1994 1161 2049 &Faba
1215 1991 1555 2059 τοπαράπαν
1606 1993 1670 2044 A.
1860 1991 2121 2060 ἕκφανεῒν
2174 1992 2406 2048 Cobetu‘s
2442 1994 2508 2048 V.
2563 1995 2623 2053 L.

540 2098 592 2151 p.
634 2086 752 2149 100,
787 2080 915 2136 libri
952 2081 1254 2149 ἐκφαίνειν.
1417 2079 1777 2147 Σώστρατον]
1816 2078 2137 2147 σώσαστρον
2172 2081 2236 2134 A.
2417 2080 2479 2135 οἱ
2504 2080 2625 2138 ‘'Eff-

542 2165 718 2237 ληνες]
770 2166 832 2222 οἱ
875 2184 962 2222 om
1000 2168 1056 2222 F.
1212 2164 1325 2220 ’ἐπὶ
1374 2166 1646 2234 μήκιστον
1680 2168 1727 2219 A
1764 2168 1819 2219 et
1853 2183 1907 2234 v,
1958 2166 2320 2234 ἓπιμὴκισνον
2365 2168 2646 2225 Bd'Fabc.'

544 2253 826 2323 ὕπαιθρος
867 2254 1011 2324 libri,
1067 2255 1373 2322 ὑπαίθριος
1419 2252 1664 2321 BelinuS,
1717 2254 1860 2321 quod
1905 2254 2090 2308 atticis
2135 2255 2395 2310 usitatius
2442 2259 2528 2311 est
2569 2259 2627 2311 et

539 2340 651 2410 ipsi
686 2341 944 2410 Luciam,
982 2342 1076 2411 qui
1113 2342 1258 2396 idem
1295 2342 1439 2395 certo
1476 2340 1639 2393 etiam
1676 2338 1958 2408 ὕπαιθρος
1991 2342 2292 2411 usurpavit.
2347 2342 2474 2397 vide
2509 2359 2626 2401 mea

540 2422 623 2481 De
660 2424 935 2483 A'tticism.
971 2430 1105 2484 Luc.
1139 2428 1169 2483 I
1204 2445 1255 2497 p.
1296 2433 1361 2486 15
1408 2428 1464 2480 et
1507 2427 1641 2480 adde
1692 2427 2020 2483 Lobeckium
2067 2429 2142 2482 ad
2181 2428 2385 2499 Phi-yn.
2434 2448 2485 2500 p.
2523 2436 2625 2493 252

541 2506 713 2584 atque
748 2514 1127 2570 Blomfieldum
1174 2515 1241 2570 ad
1290 2514 1485 2568 Aesch.
1521 2513 1793 2569 Prometh.
1828 2533 1881 2574 v,
1923 2519 2023 2572 113
2068 2515 2128 2568 in
2165 2515 2449 2572 GlossariO.

542 2604 813 2671 παρναοῷ
840 2605 907 2672 A,
942 2605 1245 2674 παρνασσῷ
1287 2601 1384 2656 <DF
1419 2603 1475 2656 et
1508 2619 1562 2656 v.
1740 2601 1867 2672 οὖνὴ
1909 2612 2000 2656 καὶ
2038 2602 2070 2672 ἡ
2114 2603 2379 2663 ι’πίπονας
2414 2604 2623 2676 δίαιτα]

541 2689 620 2744 ita
655 2690 980 2759 transposui,
1015 2690 1141 2744 libri
1179 2689 1368 2744 δίαιτα
1406 2699 1496 2742 καὶ
1533 2690 1567 2757 ἡ
1612 2689 1877 2747 ἐπίπονας
1913 2690 2062 2757 οὖνὴ.
2122 2691 2203 2745 sic
2226 2693 2282 2745 et
2307 2691 2494 2746 δίαιτα
2533 2704 2624 2747 καὶ

539 2784 758 2848 τροφαί
802 2781 924 2847 apte
963 2778 1267 2848 junguntur
1314 2778 1370 2831 et
1414 2776 1553 2831 illud
1602 2778 1633 2844 ἡ
1685 2777 1948 2835 ἐπίπονος
1997 2775 2184 2831 δίαιτα
2234 2795 2401 2847 quum
2436 2797 2532 2849 per
2566 2798 2630 2844 se,

539 2866 684 2919 recte
721 2865 929 2920 dictum
965 2867 1064 2932 est,
1115 2867 1231 2920 tum
1265 2865 1396 2919 huic
1433 2862 1671 2918 Sostrate
1708 2864 1947 2918 venatori
1994 2866 2250 2921 acerrimo
2297 2866 2450 2936 plane
2497 2885 2625 2923 con·-

539 2952 706 3007 venit.
779 2952 972 3007 deinde
1024 2953 1306 3021 ὕπαιθρος
1353 2949 1481 3018 enim)
1532 2951 1676 3020 quod
1722 2967 1819 3019 ego
1867 2950 2131 3006 substitui
2167 2952 2329 3007 etiam
2364 2954 2494 3009 alibi
2528 2973 2624 3010 ex-

538 3041 647 3093 stat
700 3040 762 3093 ut
814 3039 872 3093 in
927 3039 1274 3109 Necyomant.
1313 3044 1343 3097 7
1381 3039 1437 3091 et
1487 3053 1571 3106 ap.
1625 3036 2012 3107 Hippocratem
2058 3036 2140 3092 De
2187 3037 2305 3117 Rat.
2349 3041 2487 3096 Vict.
2559 3043 2625 3098 In

540 3123 710 3180 Morb.
733 3128 827 3181 Ac.
849 3143 901 3196 p.
922 3133 1022 3185 391
1061 3127 1144 3180 ed.
1169 3125 1319 3180 Foes.
1356 3139 1547 3192 nempe
1586 3123 1652 3178 ob
1688 3124 2106 3180 similitudinem
2141 3126 2424 3182 verborum
2460 3139 2551 3183 καὶ
2589 3130 2621 3199 ἦ

540 3212 826 3282 ὕπαιθρος
876 3212 1186 3267 exciderant
1231 3217 1352 3266 ante
1387 3228 1441 3266 v.
1480 3210 1670 3265 δίαιτα
1717 3212 1849 3265 haec
1885 3212 2047 3266 verba
2099 3213 2225 3282 εόνὴ
2278 3225 2370 3269 καὶ
2419 3216 2450 3284 ἡ
2506 3217 2625 3271 ἐπι.

539 3321 712 3359 πονος
757 3302 813 3354 et
856 3299 1112 3370 deinceps
1158 3313 1264 3354 non
1310 3301 1432 3353 ante
1480 3298 1577 3353 sed
1625 3301 1748 3368 post
1796 3315 1848 3353 v.
1897 3296 2089 3354 δίαιτα
2131 3305 2378 3358 revocata
2411 3307 2628 3360 suntet

539 3385 678 3444 malo
714 3386 935 3456 quidem
981 3371 1193 3440 o'rdine:
1244 3395 1335 3439 καὶ
1371 3386 1405 3456 ἡ
1449 3386 1712 3445 ἐπίπονος
1749 3385 1899 3455 εὖνή.
1974 3388 2034 3441 in
2069 3387 2328 3446 librorum
2363 3391 2628 3460 scriptura

538 3490 648 3529 non
692 3473 724 3542 ἡ
779 3473 1060 3542 ὕπαιθρος
1108 3472 1296 3526 δίαιτα
1346 3472 1405 3527 in
1452 3474 1660 3528 offensu
1695 3476 1842 3544 sunt,
1896 3491 2031 3544 quae
2078 3476 2239 3530 etiam
2286 3477 2345 3531 in
2380 3477 2626 3538 Abdicat.

541 3562 572 3632 g
608 3565 677 3619 28
712 3562 768 3614 et
802 3560 933 3615 alibi
961 3560 1278 3629 junguntur,
1327 3560 1421 3613 sed
1467 3560 1595 3613 ferri
1642 3561 1832 3630 nequit
1882 3586 1913 3626 ’t
1958 3563 2220 3623 ἐπιπονος
2258 3564 2405 3633 εὖιή,
2458 3567 2625 3622 dictio

538 3664 606 3702 ne
658 3647 832 3716 poetis
881 3647 1101 3716 quidem
1149 3646 1508 3701 condonanda.
1590 3647 1720 3701 hinc
1770 3648 1949 3703 critici
1999 3666 2167 3719 quum
2212 3653 2630 3744 transpositione

538 3734 944 3800 abstinuissent,
979 3732 1240 3803 plurimas
1274 3734 1472 3787 trustra
1506 3734 1838 3803 conjecturas
1873 3737 2259 3807 excogitarunt,
2295 3739 2355 3792 in
2389 3740 2479 3794 his
2497 3721 2630 3795 Jen·

539 3822 659 3877 sius
694 3823 750 3876 et
785 3821 1014 3876 Gesner:
1064 3828 1161 3875 καὶ
1197 3819 1230 3888 ἡ
1272 3820 1363 3874 ἐπὶ
1398 3820 1541 3878 πόας
1578 3821 1728 3889 εὐνή,
1766 3839 1941 3891 nuper
1974 3827 2153 3879 autem
2191 3826 2424 3881 Cobetus
2458 3826 2526 3882 V.
2564 3827 2623 3882 L

538 3926 590 3979 p.
631 3915 730 3969 149
779 3910 834 3963 et
879 3908 1223 3963 Dindorfius:
1271 3916 1363 3961 καὶ
1411 3908 1441 3974 ἡ
1492 3908 1583 3962 ἐπ’
1621 3908 1792 3982 ᾐόνος
1839 3910 1987 3979 εὐνή.
2202 3910 2404 3985 λῃστὰς
2450 3912 2627 3983 αι’ρσῖν

538 3993 688 4050 ΑΦΕ
721 3997 778 4050 et
811 4013 865 4064 v,
915 3993 1116 4070 λῃστὰς
1163 3998 1338 4063 αἴρων
1372 3994 1420 4048 Β
1467 3996 1521 4049 et
1568 3996 1739 4054 codex
1784 3995 2084 4066 Patisium,
2132 4000 2326 4055 frustra
2371 4001 2625 4070 probante

537 4081 822 4137 Jacobitio.
895 4082 1069 4136 nihilo
1119 4081 1310 4137 melior
1357 4083 1662 4152 conjectura
1708 4084 1926 4138 videtur
1976 4085 2163 4141 Cobeti
2198 4086 2266 4141 V.
2303 4086 2363 4142 L.
2400 4105 2453 4157 p.
2493 4093 2624 4147 149:

537 4168 738 4245 λῃστὰς
761 4172 1072 4239 καθαίρων.
1113 4168 1365 4238 equidem
1389 4169 1595 4224 dudum
1619 4169 1844 4239 scripsi:
1882 4171 2081 4245 λῃστὰς
2110 4172 2376 4243 ἀναιρῶν,
2418 4167 2625 4229 conlato

539 4255 786 4325 Appiano
833 4256 914 4310 Do
960 4255 1112 4310 Bello
1159 4254 1404 4309 Mithrid.
1442 4273 1488 4311 c.
1524 4263 1594 4316 96
1629 4258 1749 4312 fin.:
1805 4257 1998 4332 λῃσταὶ
2051 4258 2103 4314 δ’
2147 4259 2510 4334 ἀνῃρέθησαν
2567 4261 2626 4315 ἐν

537 4347 659 4402 ταῖς
692 4343 893 4413 μάχαις
929 4341 1074 4413 ἀμφὶ
1111 4344 1241 4401 τοὺς
1272 4347 1520 4414 μυρίους.
