3099 5241
1312 415 1682 475 SOSTRATO.
2342 417 2542 473 XXXI

460 590 624 657 sales
682 592 1050 676 multosque
1103 593 1349 677 lepores
1407 593 1606 676 hujus
1649 593 2015 679 philosophi
2056 595 2375 679 inspersit.
2464 593 2548 663 In

459 696 840 761 universum
898 701 1114 761 tamen
1171 703 1426 762 tantum
1485 697 1685 781 abest,
1744 704 1818 763 ut
1876 699 2098 764 ludere
2151 701 2224 764 in
2282 699 2549 765 Sostrati

459 798 611 865 Vita
673 800 965 885 voluerit,
1031 807 1106 866 ut
1160 801 1423 867 Sostrati
1491 802 1788 886 exemplo
1855 805 2177 887 proposito
2244 804 2313 868 id
2374 804 2547 889 quod

458 904 600 989 ipse
646 905 799 970 dicit
845 907 1176 976 ostendere
1215 907 1553 989 studuerit,
1598 926 1682 971 ne
1727 926 1847 972 sua
1892 909 2153 992 quidem
2196 913 2328 974 tam
2372 909 2549 974 molli

459 1013 662 1073 aetate
718 1011 890 1076 viros
947 1013 1252 1076 memoria
1311 1011 1540 1094 dignos
1600 1010 1879 1077 defuisse
1939 1019 2002 1079 et
2061 1034 2297 1098 magna
2352 1014 2546 1081 laude

406 1136 419 1151 ·
461 1115 840 1181 cumulatos.
955 1115 1220 1181 Viderat
1293 1117 1469 1180 enim
1534 1116 1711 1180 hunc
1776 1118 1990 1181 virum
2055 1137 2269 1203 neque
2338 1119 2546 1186 solum

461 1221 739 1313 corporis
782 1220 1315 1304 magnitudinem
1356 1219 1555 1284 robur
1594 1221 1849 1305 ingenS,
1909 1223 2157 1286 victum
2203 1223 2440 1289 durum
2483 1229 2548 1289 et

459 1330 793 1408 agrestem,
860 1324 1073 1389 cubile
1137 1325 1207 1388 in
1266 1324 1601 1408 Parnasso,
1666 1344 1894 1390 verum
1959 1328 2151 1390 etiam
2214 1348 2404 1412 opera
2462 1347 2547 1395 ne

457 1427 727 1494 Herculi
787 1430 1052 1514 quidem
1108 1429 1446 1495 infitianda
1502 1430 1855 1496 admiratus
1912 1436 2064 1512 erat,
2134 1451 2338 1516 quum
2393 1451 2547 1497 eum

461 1535 650 1599 sciret
714 1553 894 1599 nunc
958 1533 1238 1598 latrones
1278 1534 1646 1619 ⁸sustulisse
1703 1553 1883 1600 nunc
1941 1535 2099 1599 locis
2153 1537 2351 1601 inviis
2406 1538 2546 1601 vias

459 1639 817 1703 munivisse
881 1657 1060 1703 nunc
1127 1644 1353 1722 pontes
1415 1640 1483 1702 in
1553 1640 1728 1703 saxis
1798 1640 2112 1713 struxisse
2165 1643 2542 1725 praeruptis.

461 1742 683 1808 Sobrie
727 1750 938 1808 tamen
970 1741 1300 1809 Lucianus
1338 1744 1674 1827 judicavit,
1720 1745 1959 1829 quippe
2000 1745 2112 1827 qui
2142 1743 2394 1810 verbis:
2442 1743 2548 1808 καὶ

460 1842 805 1929 μάλιστα
869 1850 959 1920 εἰς
1014 1843 1430 1930 Δημώνακτα
1488 1845 1609 1912 τὸν
1668 1842 2031 1931 φιλόσοφον
2090 1846 2549 1915 Demonactem

462 1951 738 2018 Sostrate
818 1954 1307 2038 anteposuerit.'
1393 1952 1542 2017 Non
1622 1954 1841 2017 minus
1873 2000 1882 2009 .
1916 1957 2087 2018 recte
2152 1951 2400 2017 Tullius
2442 1955 2546 2025 ‚in

463 2055 699 2121 Catone
757 2055 904 2140 Maj.
966 2077 1019 2120 c.
1072 2059 1153 2122 10
1219 2058 1299 2121 de
1364 2055 1607 2121 Milone
1668 2056 2034 2121 Crotoniata
2094 2057 2363 2140 judicat,
2434 2059 2548 2142 qui

460 2160 687 2227 bovem
755 2163 982 2227 vivum
1045 2162 1331 2226 humeris
1399 2163 1785 2227 sustinuisse
1823 2160 2217 2226 ‘dicebaturz
2302 2162 2552 2227 mavult

461 2271 676 2331 autem
717 2265 1119 2351 Pythagorae
1179 2266 1302 2330 sibi
1359 2267 1529 2331 vires
1584 2267 1806 2349 ingeni
1865 2286 2061 2351 quam
2104 2266 2222 2333 has
2266 2256 2581 2350 corporis*

464 2370 620 2453 dari,
664 2371 823 2455 ‚ideo
872 2371 1046 2455 quod
1088 2371 1244 2435 Milo
1289 2390 1421 2435 non
1468 2390 1554 2435 ex
1597 2390 1666 2435 se
1709 2390 2004 2458 unquam
2048 2371 2548 2437 sit-nobilitatus
2575 2360 2594 2378 ⁸

342 2516 351 2527 -
462 2475 572 2539 sed
651 2494 737 2540 ex
812 2475 1118 2540 lateribus
1194 2481 1259 2541 et
1335 2476 1590 2543 lacertis
1668 2476 1821 2540 suis
1926 2474 2051 2539 Sed
2130 2476 2209 2540 de
2285 2478 2548 2542 nomine

449 2575 802 2664 ιΗρακλῆς,
870 2581 1042 2665 quod
1087 2581 1243 2646 huic
1275 2580 1554 2646 Sostrato
1601 2572 1821 2646 datum
1866 2580 2131 2664 scimuS,
2175 2580 2266 2645 ita
2306 2579 2549 2646 haben-

463 2685 620 2750 dum
684 2690 795 2751 est.
887 2684 1013 2763 Qui
1080 2706 1147 2750 se
1214 2706 1328 2770 pro
1383 2684 1666 2751 Hercule
1731 2684 2069 2768 gerebant,
2135 2705 2270 2749 non
2336 2686 2550 2751 solum

459 2791 679 2874 ignavi
737 2809 961 2855 omnes
1020 2791 1214 2855 derisi
1269 2796 1444 2873 sunt,
1503 2796 1579 2855 ut
1623 2789 1855 2854 Callias
1896 2790 1968 2852 in
2012 2789 2337 2875 Aristoph.
2384 2789 2547 2855 Rau.

459 2914 523 2958 v.
582 2896 745 2977 431,
812 2895 925 2962 sed
991 2897 1183 2960 etiam
1249 2895 1466 2980 paullo
1532 2895 1853 2976 fortiores,
1918 2893 2099 2958 velut
2163 2894 2544 2986 athletarum

462 3019 637 3065 unus
697 3000 943 3076 alterve,
1000 3002 1097 3081 (ut
1150 2998 1467 3065 Hercules
1535 2999 1799 3084 qui-dam
1861 2998 2041 3083 pugil
2100 3019 2197 3083 ap.
2244 2998 2582 3068 Photium‘

459 3105 531 3168 ih
567 3103 867 3184 Biblioth.
904 3125 966 3189 p.
998 3105 1116 3170 151
1160 3105 1257 3169 ed.
1283 3104 1509 3187 Bekk„
1556 3105 1672 3188 qui
1715 3104 1927 3167 victus
1973 3102 2094 3188 est)
2138 3110 2202 3168 et
2246 3104 2550 3169 universa

460 3229 621 3294 gens
689 3208 1099 3291 Cynicorum.
1206 3208 1306 3274 Ita
1376 3208 1672 3276 Themiso
1751 3208 2131 3291 cognomine
2198 3205 2543 3290 ,Hercules‘

461 3316 767 3380 Antiochi
829 3316 998 3398 regis
1066 3313 1346 3396 deliciae,
1417 3314 1498 3378 de
1564 3332 1693 3398 quo
1758 3313 1908 3377 vide
1975 3312 2385 3377 Athenaeum
2429 3310 2549 3376 VII

460 3441 524 3505 p.
571 3421 722 3502 289,
788 3420 831 3484 f.
895 3424 958 3485 et
1014 3418 1079 3484 X
1137 3439 1198 3503 p.
1245 3418 1397 3501 438,
1445 3418 1487 3482 d
1555 3437 1703 3482 cum
1760 3417 2030 3483 Aeliano
2076 3416 2155 3480 V.
2204 3414 2287 3480 H.
2332 3417 2397 3498 2,
2440 3416 2548 3498 41,

462 3525 711 3589 conlato
756 3523 1026 3606 Polybio
1069 3525 1135 3606 5,
1183 3524 1263 3589 79
1308 3528 1373 3589 et
1415 3524 1480 3605 5,
1526 3522 1633 3605 82,
1689 3522 1864 3586 haud
1923 3521 2118 3586 dubie
2178 3520 2399 3586 multis
2445 3520 2548 3585 vel

463 3629 607 3693 odio
650 3629 774 3692 fuit
816 3629 920 3696 vel
962 3629 1198 3710 irrisui,
1259 3647 1464 3712 quum
1522 3628 1889 3711 praesertim
1948 3628 2139 3691 etiam
2196 3644 2378 3690 sacra
2420 3623 2546 3690 sibi

461 3732 658 3817 vulgo
723 3732 860 3797 fieri
919 3734 1236 3817 Jussisset.
1340 3732 1440 3796 Ita
1504 3731 1908 3796 Nicostratus
1975 3731 2293 3815 Argivus,
2360 3730 2549 3811 cujus

462 3839 763 3906 virtutem
808 3836 1131 3904 Diodorus
1173 3835 1350 3918 XVI,
1393 3836 1482 3902 44
1537 3835 1778 3918 laudat,
1822 3842 2037 3900 tamen
2080 3832 2359 3900 ludibrio
2402 3833 2548 3915 fuit,

465 3942 638 4026 quod
685 3962 889 4027 quum
932 3941 1238 4006 comitiali
1281 3939 1503 4005 morbo
1567 3943 1668 4025 (ιῇ
1711 3935 2077 4022 Ἠρακλείᾳ
2130 3935 2325 4024 νόσω)
2370 3936 2547 4002 labo-

461 4052 681 4129 rasset,
723 4048 1030 4112 vestitum
1074 4047 1305 4110 sumsit
1335 4043 1657 4127 Herculis,
1700 4042 1948 4107 ridente
1969 4042 2266 4129 Ephippo
2302 4041 2546 4106 comico

463 4169 561 4235 ap.
598 4152 833 4216 Athen.
864 4149 980 4215 Vll
1022 4172 1084 4236 p.
1111 4151 1261 4233 289,
1296 4149 1367 4214 b:
1416 4144 1874 4232 Νικόστρατος
1920 4144 1979 4210 δ’
2034 4142 2287 4234 ἇργεῑος
2333 4151 2549 4229 ἔτερος

448 4250 832 4338 Ἠρακλῆςς
924 4253 1211 4332 Quorum
1277 4253 1614 4319 hominum
1669 4253 1920 4317 vanitas
1986 4271 2100 4336 per
2163 4254 2327 4315 totas
2388 4250 2546 4315 adeo

463 4360 820 4425 comoedias
866 4361 1185 4445 exagitata
1229 4364 1325 4424 est
1369 4364 1430 4423 et
1475 4379 1514 4422 a
1558 4357 1952 4440 Pherecrate‚
2011 4357 2125 4441 qui
2166 4357 2239 4419 in
2284 4353 2505 4439 Ψευὸη
2490 4378 2546 4404 -
