<?xml version="1.0" encoding="UTF-8"?>
<!DOCTYPE html PUBLIC "-//W3C//DTD XHTML 1.0 Transitional//EN"
    "http://www.w3.org/TR/xhtml1/DTD/xhtml1-transitional.dtd">
<html xmlns="http://www.w3.org/1999/xhtml" xml:lang="en" lang="en">
 <head>
  <title>
</title>
<meta http-equiv="Content-Type" content="text/html;charset=utf-8" />
  <meta name='ocr-system' content='tesseract 3.04.00' />
  <meta name='ocr-capabilities' content='ocr_page ocr_carea ocr_par ocr_line ocrx_word'/>
</head>
<body>
  <div class='ocr_page' id='page_1' title='image "./lucianussamosat01fritgoog_0039.png"; bbox 0 0 3099 5241; ppageno 0'>
   <div class='ocr_carea' id='block_1_1' title="bbox 1151 374 2456 437">
    <p class='ocr_par' dir='ltr' id='par_1_1' title="bbox 1151 374 2456 437">
     <span class='ocr_line' id='line_1_1' title="bbox 1151 374 2456 437; baseline 0 -1"><span class='ocrx_word' id='word_1_1' title='bbox 1151 380 1252 436; x_wconf 85' lang='lat' dir='ltr'>AD</span> <span class='ocrx_word' id='word_1_2' title='bbox 1292 378 1692 437; x_wconf 78' lang='lat' dir='ltr'>LUOIANUM.</span> <span class='ocrx_word' id='word_1_3' title='bbox 2209 374 2456 436; x_wconf 83' lang='lat' dir='ltr'>XXXIII</span> 
     </span>
    </p>
   </div>
   <div class='ocr_carea' id='block_1_2' title="bbox 375 554 2464 3976">
    <p class='ocr_par' dir='ltr' id='par_1_2' title="bbox 375 554 2464 1578">
     <span class='ocr_line' id='line_1_2' title="bbox 387 554 2460 645; baseline 0 -26"><span class='ocrx_word' id='word_1_4' title='bbox 387 572 652 619; x_wconf 86' lang='lat' dir='ltr'>vacuum</span> <span class='ocrx_word' id='word_1_5' title='bbox 709 554 1288 645; x_wconf 78' lang='lat' dir='ltr'>imprecationibus.</span> <span class='ocrx_word' id='word_1_6' title='bbox 1390 556 1459 621; x_wconf 89' lang='lat' dir='ltr'>in</span> <span class='ocrx_word' id='word_1_7' title='bbox 1515 555 1799 621; x_wconf 87' lang='lat' dir='ltr'>Luciano</span> <span class='ocrx_word' id='word_1_8' title='bbox 1867 555 2121 638; x_wconf 89' lang='lat' dir='ltr'>quidem</span> <span class='ocrx_word' id='word_1_9' title='bbox 2182 555 2460 635; x_wconf 83' lang='lat' dir='ltr'>advenas</span> 
     </span>
     <span class='ocr_line' id='line_1_3' title="bbox 387 651 2460 744; baseline 0 -21"><span class='ocrx_word' id='word_1_10' title='bbox 387 658 610 723; x_wconf 87' lang='lat' dir='ltr'>Timon</span> <span class='ocrx_word' id='word_1_11' title='bbox 680 660 770 724; x_wconf 90' lang='lat' dir='ltr'>sic</span> <span class='ocrx_word' id='word_1_12' title='bbox 834 659 1115 742; x_wconf 86' lang='lat' dir='ltr'>primum</span> <span class='ocrx_word' id='word_1_13' title='bbox 1182 659 1440 725; x_wconf 77' lang='lat' dir='ltr'><strong>adfatus</strong></span> <span class='ocrx_word' id='word_1_14' title='bbox 1506 658 1548 744; x_wconf 69' lang='grc' dir='ltr'>ξ</span> <span class='ocrx_word' id='word_1_15' title='bbox 1615 659 1701 724; x_wconf 84' lang='grc'>34</span> <span class='ocrx_word' id='word_1_16' title='bbox 1766 659 1919 725; x_wconf 88' lang='lat' dir='ltr'>init:</span> <span class='ocrx_word' id='word_1_17' title='bbox 1985 657 2157 732; x_wconf 77' lang='grc' dir='ltr'><strong><em>τίνες</em></strong></span> <span class='ocrx_word' id='word_1_18' title='bbox 2221 660 2366 724; x_wconf 78' lang='grc' dir='ltr'><strong><em>ε’στὲ</em></strong></span> <span class='ocrx_word' id='word_1_19' title='bbox 2407 651 2460 723; x_wconf 76' lang='grc' dir='ltr'><strong><em>ὦ</em></strong></span> 
     </span>
     <span class='ocr_line' id='line_1_4' title="bbox 383 748 2464 850; baseline 0.001 -25"><span class='ocrx_word' id='word_1_20' title='bbox 383 759 775 846; x_wconf 34' lang='grc' dir='ltr'><strong><em>κατάρατοι-ς</em></strong></span> <span class='ocrx_word' id='word_1_21' title='bbox 838 801 917 809; x_wconf 92' lang='grc'>-</span> <span class='ocrx_word' id='word_1_22' title='bbox 975 758 1111 841; x_wconf 63' lang='grc' dir='ltr'>ἀλλ’</span> <span class='ocrx_word' id='word_1_23' title='bbox 1179 748 1255 827; x_wconf 83' lang='grc' dir='ltr'>οὗ</span> <span class='ocrx_word' id='word_1_24' title='bbox 1311 761 1644 850; x_wconf 77' lang='grc' dir='ltr'><strong><em>χαίροντες</em></strong></span> <span class='ocrx_word' id='word_1_25' title='bbox 1702 760 1895 828; x_wconf 78' lang='grc' dir='ltr'><strong><em>ἄπιτε</em></strong></span> <span class='ocrx_word' id='word_1_26' title='bbox 1937 798 2045 828; x_wconf 84' lang='grc'>-.</span> <span class='ocrx_word' id='word_1_27' title='bbox 2110 761 2217 827; x_wconf 74' lang='grc' dir='ltr'>καὶ</span> <span class='ocrx_word' id='word_1_28' title='bbox 2275 759 2464 847; x_wconf 70' lang='grc' dir='ltr'><strong><em>ὑμεῖς</em></strong></span> 
     </span>
     <span class='ocr_line' id='line_1_5' title="bbox 385 862 2458 953; baseline 0.001 -23"><span class='ocrx_word' id='word_1_29' title='bbox 385 862 746 950; x_wconf 76' lang='grc' dir='ltr'><strong><em>οἰμώξεσθε</em></strong></span> <span class='ocrx_word' id='word_1_30' title='bbox 790 864 919 950; x_wconf 76' lang='grc' dir='ltr'>ἤδη</span> <span class='ocrx_word' id='word_1_31' title='bbox 966 904 1073 947; x_wconf 93' lang='lat'>—-·,</span> <span class='ocrx_word' id='word_1_32' title='bbox 1118 886 1264 932; x_wconf 85' lang='lat' dir='ltr'>mox</span> <span class='ocrx_word' id='word_1_33' title='bbox 1308 867 1402 933; x_wconf 82' lang='lat' dir='ltr'>ita</span> <span class='ocrx_word' id='word_1_34' title='bbox 1444 868 1656 953; x_wconf 77' lang='lat' dir='ltr'>pergit</span> <span class='ocrx_word' id='word_1_35' title='bbox 1699 866 1737 951; x_wconf 64' lang='grc'>5</span> <span class='ocrx_word' id='word_1_36' title='bbox 1783 867 1905 933; x_wconf 84' lang='lat'>37:</span> <span class='ocrx_word' id='word_1_37' title='bbox 1952 865 2102 950; x_wconf 77' lang='grc' dir='ltr'><strong><em>ἐμοὶ</em></strong></span> <span class='ocrx_word' id='word_1_38' title='bbox 2147 864 2218 932; x_wconf 78' lang='grc' dir='ltr'>δὲ</span> <span class='ocrx_word' id='word_1_39' title='bbox 2259 870 2458 932; x_wconf 77' lang='grc' dir='ltr'><strong><em>τοῦτο</em></strong></span> 
     </span>
     <span class='ocr_line' id='line_1_6' title="bbox 384 966 2453 1057; baseline 0.001 -24"><span class='ocrx_word' id='word_1_40' title='bbox 384 967 630 1048; x_wconf 73' lang='grc' dir='ltr'><strong><em>ἱκανὸν,</em></strong></span> <span class='ocrx_word' id='word_1_41' title='bbox 683 969 768 1054; x_wconf 77' lang='grc' dir='ltr'><strong><em>ἢν</em></strong></span> <span class='ocrx_word' id='word_1_42' title='bbox 813 968 1072 1046; x_wconf 80' lang='grc' dir='ltr'><strong><em>πάντας</em></strong></span> <span class='ocrx_word' id='word_1_43' title='bbox 1116 967 1517 1056; x_wconf 79' lang='grc' dir='ltr'><strong><em>ἀνθρώπους</em></strong></span> <span class='ocrx_word' id='word_1_44' title='bbox 1559 967 1815 1057; x_wconf 77' lang='grc' dir='ltr'><strong><em>ἡβηδὸν</em></strong></span> <span class='ocrx_word' id='word_1_45' title='bbox 1850 966 2153 1055; x_wconf 80' lang='grc' dir='ltr'><strong><em>οἰμώζειν</em></strong></span> <span class='ocrx_word' id='word_1_46' title='bbox 2169 966 2453 1054; x_wconf 74' lang='grc' dir='ltr'><strong><em>ποιήσω.</em></strong></span> 
     </span>
     <span class='ocr_line' id='line_1_7' title="bbox 381 1075 2460 1159; baseline 0 -19"><span class='ocrx_word' id='word_1_47' title='bbox 381 1079 698 1159; x_wconf 83' lang='lat' dir='ltr'>postremo</span> <span class='ocrx_word' id='word_1_48' title='bbox 761 1096 907 1142; x_wconf 92' lang='lat' dir='ltr'>cum</span> <span class='ocrx_word' id='word_1_49' title='bbox 967 1081 1183 1143; x_wconf 88' lang='lat' dir='ltr'>nostra</span> <span class='ocrx_word' id='word_1_50' title='bbox 1230 1075 1647 1143; x_wconf 86' lang='lat' dir='ltr'>Callimachei</span> <span class='ocrx_word' id='word_1_51' title='bbox 1689 1077 1817 1141; x_wconf 92' lang='lat' dir='ltr'>loci</span> <span class='ocrx_word' id='word_1_52' title='bbox 1859 1076 2263 1142; x_wconf 79' lang='lat' dir='ltr'>restitutione</span> <span class='ocrx_word' id='word_1_53' title='bbox 2309 1094 2460 1141; x_wconf 90' lang='lat' dir='ltr'>con-</span> 
     </span>
     <span class='ocr_line' id='line_1_8' title="bbox 382 1179 2463 1263; baseline 0.002 -21"><span class='ocrx_word' id='word_1_54' title='bbox 382 1179 545 1247; x_wconf 23' lang='lat' dir='ltr'>ferre.</span> <span class='ocrx_word' id='word_1_55' title='bbox 597 1181 788 1263; x_wconf 81' lang='lat' dir='ltr'>juvat</span> <span class='ocrx_word' id='word_1_56' title='bbox 846 1179 1289 1263; x_wconf 84' lang='lat' dir='ltr'>Shakespearii</span> <span class='ocrx_word' id='word_1_57' title='bbox 1346 1180 1610 1245; x_wconf 88' lang='lat' dir='ltr'>titulum</span> <span class='ocrx_word' id='word_1_58' title='bbox 1677 1181 1889 1246; x_wconf 92' lang='lat' dir='ltr'>minus</span> <span class='ocrx_word' id='word_1_59' title='bbox 1953 1180 2140 1246; x_wconf 91' lang='lat' dir='ltr'>illum</span> <span class='ocrx_word' id='word_1_60' title='bbox 2206 1180 2463 1263; x_wconf 91' lang='lat' dir='ltr'>quidem</span> 
     </span>
     <span class='ocr_line' id='line_1_9' title="bbox 382 1284 2460 1368; baseline 0.001 -21"><span class='ocrx_word' id='word_1_61' title='bbox 382 1285 767 1364; x_wconf 86' lang='lat' dir='ltr'>aculeatum,</span> <span class='ocrx_word' id='word_1_62' title='bbox 814 1284 1178 1368; x_wconf 79' lang='lat' dir='ltr'>caeteroqui</span> <span class='ocrx_word' id='word_1_63' title='bbox 1221 1303 1350 1350; x_wconf 91' lang='lat' dir='ltr'>non</span> <span class='ocrx_word' id='word_1_64' title='bbox 1396 1285 1794 1364; x_wconf 85' lang='lat' dir='ltr'>dissimilem,</span> <span class='ocrx_word' id='word_1_65' title='bbox 1843 1303 2031 1368; x_wconf 91' lang='lat' dir='ltr'>quem</span> <span class='ocrx_word' id='word_1_66' title='bbox 2073 1285 2308 1367; x_wconf 87' lang='lat' dir='ltr'>partim</span> <span class='ocrx_word' id='word_1_67' title='bbox 2346 1303 2460 1349; x_wconf 90' lang='lat' dir='ltr'>suo</span> 
     </span>
     <span class='ocr_line' id='line_1_10' title="bbox 375 1387 2459 1472; baseline 0.001 -21"><span class='ocrx_word' id='word_1_68' title='bbox 375 1388 634 1471; x_wconf 58' lang='lat' dir='ltr'>,ingenio</span> <span class='ocrx_word' id='word_1_69' title='bbox 698 1392 962 1454; x_wconf 87' lang='lat' dir='ltr'>auctum</span> <span class='ocrx_word' id='word_1_70' title='bbox 1022 1389 1301 1456; x_wconf 80' lang='lat' dir='ltr'>diffluxit</span> <span class='ocrx_word' id='word_1_71' title='bbox 1342 1389 1584 1472; x_wconf 87' lang='lat' dir='ltr'>partim</span> <span class='ocrx_word' id='word_1_72' title='bbox 1628 1387 1942 1455; x_wconf 86' lang='lat' dir='ltr'>adsumsit</span> <span class='ocrx_word' id='word_1_73' title='bbox 1987 1407 2020 1454; x_wconf 94' lang='lat' dir='ltr'>e</span> <span class='ocrx_word' id='word_1_74' title='bbox 2066 1387 2459 1454; x_wconf 82' lang='lat' dir='ltr'>Callimacho</span> 
     </span>
     <span class='ocr_line' id='line_1_11' title="bbox 380 1491 2064 1578; baseline 0.001 -22"><span class='ocrx_word' id='word_1_75' title='bbox 380 1510 472 1574; x_wconf 88' lang='lat' dir='ltr'>ap.</span> <span class='ocrx_word' id='word_1_76' title='bbox 518 1493 963 1573; x_wconf 86' lang='lat' dir='ltr'>Plutarchum,</span> <span class='ocrx_word' id='word_1_77' title='bbox 1009 1493 1269 1578; x_wconf 85' lang='lat' dir='ltr'>(Timon</span> <span class='ocrx_word' id='word_1_78' title='bbox 1315 1493 1388 1558; x_wconf 88' lang='lat' dir='ltr'>of</span> <span class='ocrx_word' id='word_1_79' title='bbox 1425 1493 1676 1560; x_wconf 89' lang='lat' dir='ltr'>Athens</span> <span class='ocrx_word' id='word_1_80' title='bbox 1721 1492 1798 1573; x_wconf 91' lang='lat' dir='ltr'>V,</span> <span class='ocrx_word' id='word_1_81' title='bbox 1843 1491 1907 1573; x_wconf 85' lang='lat'>5,</span> <span class='ocrx_word' id='word_1_82' title='bbox 1955 1492 2064 1575; x_wconf 85' lang='lat'>70)</span> 
     </span>
    </p>

    <p class='ocr_par' dir='ltr' id='par_1_3' title="bbox 584 1596 2459 1685">
     <span class='ocr_line' id='line_1_12' title="bbox 584 1596 2459 1685; baseline 0.001 -24"><span class='ocrx_word' id='word_1_83' title='bbox 584 1598 800 1676; x_wconf 86' lang='lat' dir='ltr'>„Here</span> <span class='ocrx_word' id='word_1_84' title='bbox 825 1597 948 1663; x_wconf 87' lang='lat' dir='ltr'>lies</span> <span class='ocrx_word' id='word_1_85' title='bbox 973 1597 1351 1683; x_wconf 86' lang='lat' dir='ltr'>awretched</span> <span class='ocrx_word' id='word_1_86' title='bbox 1376 1616 1553 1663; x_wconf 89' lang='lat' dir='ltr'>corse</span> <span class='ocrx_word' id='word_1_87' title='bbox 1576 1598 1650 1663; x_wconf 86' lang='lat' dir='ltr'>of</span> <span class='ocrx_word' id='word_1_88' title='bbox 1678 1597 1995 1685; x_wconf 77' lang='lat' dir='ltr'>wretched</span> <span class='ocrx_word' id='word_1_89' title='bbox 2041 1597 2183 1662; x_wconf 91' lang='lat' dir='ltr'>soul</span> <span class='ocrx_word' id='word_1_90' title='bbox 2219 1596 2459 1663; x_wconf 87' lang='lat' dir='ltr'>bereft:</span> 
     </span>
    </p>

    <p class='ocr_par' dir='ltr' id='par_1_4' title="bbox 587 1700 2460 1787">
     <span class='ocr_line' id='line_1_13' title="bbox 587 1700 2460 1787; baseline -0.002 -19"><span class='ocrx_word' id='word_1_91' title='bbox 587 1701 756 1768; x_wconf 86' lang='lat' dir='ltr'>Seek</span> <span class='ocrx_word' id='word_1_92' title='bbox 777 1705 891 1767; x_wconf 91' lang='lat' dir='ltr'>not</span> <span class='ocrx_word' id='word_1_93' title='bbox 913 1721 1023 1786; x_wconf 83' lang='lat' dir='ltr'>my</span> <span class='ocrx_word' id='word_1_94' title='bbox 1044 1721 1252 1768; x_wconf 90' lang='lat' dir='ltr'>name.</span> <span class='ocrx_word' id='word_1_95' title='bbox 1342 1701 1402 1767; x_wconf 89' lang='lat' dir='ltr'>A</span> <span class='ocrx_word' id='word_1_96' title='bbox 1446 1703 1680 1787; x_wconf 87' lang='lat' dir='ltr'>plague</span> <span class='ocrx_word' id='word_1_97' title='bbox 1727 1720 2025 1768; x_wconf 90' lang='lat' dir='ltr'>consume</span> <span class='ocrx_word' id='word_1_98' title='bbox 2069 1720 2198 1787; x_wconf 83' lang='lat' dir='ltr'>you</span> <span class='ocrx_word' id='word_1_99' title='bbox 2219 1700 2460 1766; x_wconf 85' lang='lat' dir='ltr'>wicked</span> 
     </span>
    </p>

    <p class='ocr_par' dir='ltr' id='par_1_5' title="bbox 578 1806 2460 2204">
     <span class='ocr_line' id='line_1_14' title="bbox 803 1806 1231 1872; baseline -0.005 0"><span class='ocrx_word' id='word_1_100' title='bbox 803 1806 1035 1872; x_wconf 86' lang='lat' dir='ltr'>caitiffs</span> <span class='ocrx_word' id='word_1_101' title='bbox 1079 1806 1231 1872; x_wconf 86' lang='lat' dir='ltr'>left!</span> 
     </span>
     <span class='ocr_line' id='line_1_15' title="bbox 578 1909 2458 1994; baseline -0.001 -19"><span class='ocrx_word' id='word_1_102' title='bbox 578 1911 755 1975; x_wconf 89' lang='lat' dir='ltr'>Here</span> <span class='ocrx_word' id='word_1_103' title='bbox 777 1911 864 1975; x_wconf 90' lang='lat' dir='ltr'>lie</span> <span class='ocrx_word' id='word_1_104' title='bbox 887 1911 931 1976; x_wconf 87' lang='lat' dir='ltr'><strong>J</strong></span> <span class='ocrx_word' id='word_1_105' title='bbox 947 1911 1209 1991; x_wconf 85' lang='lat' dir='ltr'>Timon;</span> <span class='ocrx_word' id='word_1_106' title='bbox 1230 1910 1392 1990; x_wconf 86' lang='lat' dir='ltr'>who,</span> <span class='ocrx_word' id='word_1_107' title='bbox 1416 1910 1606 1990; x_wconf 83' lang='lat' dir='ltr'>alive,</span> <span class='ocrx_word' id='word_1_108' title='bbox 1630 1911 1722 1977; x_wconf 88' lang='lat' dir='ltr'>all</span> <span class='ocrx_word' id='word_1_109' title='bbox 1744 1910 1949 1994; x_wconf 86' lang='lat' dir='ltr'>living</span> <span class='ocrx_word' id='word_1_110' title='bbox 1970 1930 2119 1975; x_wconf 91' lang='lat' dir='ltr'>men</span> <span class='ocrx_word' id='word_1_111' title='bbox 2144 1909 2251 1974; x_wconf 90' lang='lat' dir='ltr'>did</span> <span class='ocrx_word' id='word_1_112' title='bbox 2272 1910 2458 1975; x_wconf 83' lang='lat' dir='ltr'>hate:</span> 
     </span>
     <span class='ocr_line' id='line_1_16' title="bbox 580 2013 2460 2099; baseline -0.001 -20"><span class='ocrx_word' id='word_1_113' title='bbox 580 2015 748 2080; x_wconf 88' lang='lat' dir='ltr'>Pass</span> <span class='ocrx_word' id='word_1_114' title='bbox 805 2015 909 2098; x_wconf 82' lang='lat' dir='ltr'>by,</span> <span class='ocrx_word' id='word_1_115' title='bbox 970 2016 1094 2081; x_wconf 90' lang='lat' dir='ltr'>and</span> <span class='ocrx_word' id='word_1_116' title='bbox 1155 2034 1336 2081; x_wconf 88' lang='lat' dir='ltr'>curse</span> <span class='ocrx_word' id='word_1_117' title='bbox 1393 2014 1508 2099; x_wconf 82' lang='lat' dir='ltr'>thy</span> <span class='ocrx_word' id='word_1_118' title='bbox 1567 2013 1700 2094; x_wconf 84' lang='lat' dir='ltr'>fi11;</span> <span class='ocrx_word' id='word_1_119' title='bbox 1759 2014 1876 2080; x_wconf 89' lang='lat' dir='ltr'>but</span> <span class='ocrx_word' id='word_1_120' title='bbox 1933 2033 2102 2097; x_wconf 88' lang='lat' dir='ltr'>pass,</span> <span class='ocrx_word' id='word_1_121' title='bbox 2149 2015 2273 2080; x_wconf 88' lang='lat' dir='ltr'>and</span> <span class='ocrx_word' id='word_1_122' title='bbox 2320 2017 2460 2097; x_wconf 84' lang='lat' dir='ltr'>stay</span> 
     </span>
     <span class='ocr_line' id='line_1_17' title="bbox 792 2118 1494 2204; baseline 0.001 -20"><span class='ocrx_word' id='word_1_123' title='bbox 792 2124 907 2185; x_wconf 92' lang='lat' dir='ltr'>not</span> <span class='ocrx_word' id='word_1_124' title='bbox 948 2120 1099 2186; x_wconf 89' lang='lat' dir='ltr'>here</span> <span class='ocrx_word' id='word_1_125' title='bbox 1143 2120 1258 2204; x_wconf 81' lang='lat' dir='ltr'>thy</span> <span class='ocrx_word' id='word_1_126' title='bbox 1301 2118 1494 2204; x_wconf 87' lang='lat' dir='ltr'>gait.“</span> 
     </span>
    </p>

    <p class='ocr_par' dir='ltr' id='par_1_6' title="bbox 375 2212 2460 3976">
     <span class='ocr_line' id='line_1_18' title="bbox 379 2212 2460 2306; baseline 0 -20"><span class='ocrx_word' id='word_1_127' title='bbox 379 2212 483 2287; x_wconf 87' lang='lat' dir='ltr'>sed</span> <span class='ocrx_word' id='word_1_128' title='bbox 537 2227 614 2289; x_wconf 89' lang='lat' dir='ltr'>ut</span> <span class='ocrx_word' id='word_1_129' title='bbox 676 2225 759 2288; x_wconf 88' lang='lat' dir='ltr'>ad</span> <span class='ocrx_word' id='word_1_130' title='bbox 816 2224 1238 2290; x_wconf 88' lang='lat' dir='ltr'>Plutarchum</span> <span class='ocrx_word' id='word_1_131' title='bbox 1293 2227 1595 2302; x_wconf 83' lang='lat' dir='ltr'>revertar,</span> <span class='ocrx_word' id='word_1_132' title='bbox 1653 2223 1766 2306; x_wconf 88' lang='lat' dir='ltr'>qui</span> <span class='ocrx_word' id='word_1_133' title='bbox 1791 2212 1796 2219; x_wconf 68' lang='grc'><strong><em>’</em></strong></span> <span class='ocrx_word' id='word_1_134' title='bbox 1822 2224 1887 2288; x_wconf 88' lang='lat' dir='ltr'>in</span> <span class='ocrx_word' id='word_1_135' title='bbox 1944 2223 2228 2289; x_wconf 89' lang='lat' dir='ltr'>Antonio</span> <span class='ocrx_word' id='word_1_136' title='bbox 2275 2240 2326 2288; x_wconf 90' lang='lat' dir='ltr'>c.</span> <span class='ocrx_word' id='word_1_137' title='bbox 2376 2221 2460 2286; x_wconf 85' lang='lat'>70</span> 
     </span>
     <span class='ocr_line' id='line_1_19' title="bbox 378 2326 2459 2412; baseline 0 -22"><span class='ocrx_word' id='word_1_138' title='bbox 378 2327 500 2391; x_wconf 90' lang='lat' dir='ltr'>alia</span> <span class='ocrx_word' id='word_1_139' title='bbox 524 2328 777 2393; x_wconf 83' lang='lat' dir='ltr'>addidit</span> <span class='ocrx_word' id='word_1_140' title='bbox 801 2328 995 2412; x_wconf 91' lang='lat' dir='ltr'>digna</span> <span class='ocrx_word' id='word_1_141' title='bbox 1017 2332 1394 2408; x_wconf 91' lang='lat' dir='ltr'>memoratu,</span> <span class='ocrx_word' id='word_1_142' title='bbox 1439 2328 1840 2411; x_wconf 84' lang='lat' dir='ltr'>Apemantus</span> <span class='ocrx_word' id='word_1_143' title='bbox 1874 2327 2063 2392; x_wconf 93' lang='lat' dir='ltr'>homo</span> <span class='ocrx_word' id='word_1_144' title='bbox 2110 2326 2459 2393; x_wconf 86' lang='lat' dir='ltr'>simillimis</span> 
     </span>
     <span class='ocr_line' id='line_1_20' title="bbox 378 2431 2458 2516; baseline 0 -20"><span class='ocrx_word' id='word_1_145' title='bbox 378 2431 658 2497; x_wconf 91' lang='lat' dir='ltr'>moribus</span> <span class='ocrx_word' id='word_1_146' title='bbox 721 2451 888 2499; x_wconf 91' lang='lat' dir='ltr'>unus</span> <span class='ocrx_word' id='word_1_147' title='bbox 950 2433 1234 2498; x_wconf 90' lang='lat' dir='ltr'>omnium</span> <span class='ocrx_word' id='word_1_148' title='bbox 1295 2432 1560 2512; x_wconf 85' lang='lat' dir='ltr'>exstitit,</span> <span class='ocrx_word' id='word_1_149' title='bbox 1608 2451 1798 2516; x_wconf 92' lang='lat' dir='ltr'>quem</span> <span class='ocrx_word' id='word_1_150' title='bbox 1843 2432 2072 2497; x_wconf 84' lang='lat' dir='ltr'>Timon</span> <span class='ocrx_word' id='word_1_151' title='bbox 2118 2431 2458 2514; x_wconf 86' lang='lat' dir='ltr'>aliquando</span> 
     </span>
     <span class='ocr_line' id='line_1_21' title="bbox 379 2536 2459 2619; baseline 0 -20"><span class='ocrx_word' id='word_1_152' title='bbox 379 2536 454 2600; x_wconf 90' lang='lat' dir='ltr'>ad</span> <span class='ocrx_word' id='word_1_153' title='bbox 513 2540 933 2619; x_wconf 87' lang='lat' dir='ltr'>conspectum</span> <span class='ocrx_word' id='word_1_154' title='bbox 992 2557 1177 2603; x_wconf 92' lang='lat' dir='ltr'>suum</span> <span class='ocrx_word' id='word_1_155' title='bbox 1239 2536 1605 2602; x_wconf 87' lang='lat' dir='ltr'>admitteret</span> <span class='ocrx_word' id='word_1_156' title='bbox 1662 2541 1727 2601; x_wconf 92' lang='lat' dir='ltr'>et</span> <span class='ocrx_word' id='word_1_157' title='bbox 1771 2555 2004 2603; x_wconf 87' lang='lat' dir='ltr'>coenae</span> <span class='ocrx_word' id='word_1_158' title='bbox 2050 2555 2298 2618; x_wconf 93' lang='lat' dir='ltr'>quoque</span> <span class='ocrx_word' id='word_1_159' title='bbox 2344 2537 2459 2611; x_wconf 85' lang='lat' dir='ltr'>ad·-</span> 
     </span>
     <span class='ocr_line' id='line_1_22' title="bbox 375 2640 2457 2725; baseline -0 -19"><span class='ocrx_word' id='word_1_160' title='bbox 375 2640 643 2721; x_wconf 90' lang='lat' dir='ltr'>hiberet,</span> <span class='ocrx_word' id='word_1_161' title='bbox 715 2641 807 2707; x_wconf 88' lang='lat' dir='ltr'>ita</span> <span class='ocrx_word' id='word_1_162' title='bbox 851 2645 1068 2707; x_wconf 90' lang='lat' dir='ltr'>tamen</span> <span class='ocrx_word' id='word_1_163' title='bbox 1112 2646 1185 2707; x_wconf 91' lang='lat' dir='ltr'>ut</span> <span class='ocrx_word' id='word_1_164' title='bbox 1231 2661 1378 2707; x_wconf 90' lang='lat' dir='ltr'>eum</span> <span class='ocrx_word' id='word_1_165' title='bbox 1422 2643 1633 2725; x_wconf 88' lang='lat' dir='ltr'>ipsum</span> <span class='ocrx_word' id='word_1_166' title='bbox 1678 2642 2017 2708; x_wconf 88' lang='lat' dir='ltr'>manifesto</span> <span class='ocrx_word' id='word_1_167' title='bbox 2064 2644 2457 2725; x_wconf 83' lang='lat' dir='ltr'>gravaretur.</span> 
     </span>
     <span class='ocr_line' id='line_1_23' title="bbox 378 2744 2460 2827; baseline 0 -19"><span class='ocrx_word' id='word_1_168' title='bbox 378 2744 542 2827; x_wconf 89' lang='lat' dir='ltr'>idem</span> <span class='ocrx_word' id='word_1_169' title='bbox 602 2747 693 2810; x_wconf 92' lang='lat' dir='ltr'>in·</span> <span class='ocrx_word' id='word_1_170' title='bbox 732 2746 1034 2811; x_wconf 87' lang='lat' dir='ltr'>concione</span> <span class='ocrx_word' id='word_1_171' title='bbox 1093 2746 1587 2812; x_wconf 89' lang='lat' dir='ltr'>Atheniensium</span> <span class='ocrx_word' id='word_1_172' title='bbox 1630 2747 1952 2812; x_wconf 87' lang='lat' dir='ltr'>rarissime</span> <span class='ocrx_word' id='word_1_173' title='bbox 1997 2746 2077 2811; x_wconf 90' lang='lat' dir='ltr'>ad</span> <span class='ocrx_word' id='word_1_174' title='bbox 2124 2745 2460 2811; x_wconf 85' lang='lat' dir='ltr'>dicendum</span> 
     </span>
     <span class='ocr_line' id='line_1_24' title="bbox 377 2850 2459 2933; baseline -0.001 -19"><span class='ocrx_word' id='word_1_175' title='bbox 377 2850 644 2930; x_wconf 88' lang='lat' dir='ltr'>prodiit,</span> <span class='ocrx_word' id='word_1_176' title='bbox 731 2852 930 2916; x_wconf 90' lang='lat' dir='ltr'>semel</span> <span class='ocrx_word' id='word_1_177' title='bbox 997 2854 1216 2916; x_wconf 89' lang='lat' dir='ltr'>tamen</span> <span class='ocrx_word' id='word_1_178' title='bbox 1283 2851 1635 2916; x_wconf 89' lang='lat' dir='ltr'>orationem</span> <span class='ocrx_word' id='word_1_179' title='bbox 1699 2851 1925 2916; x_wconf 88' lang='lat' dir='ltr'>habuit</span> <span class='ocrx_word' id='word_1_180' title='bbox 1992 2851 2128 2916; x_wconf 92' lang='lat' dir='ltr'>solo</span> <span class='ocrx_word' id='word_1_181' title='bbox 2197 2850 2459 2933; x_wconf 84' lang='lat' dir='ltr'>dignam</span> 
     </span>
     <span class='ocr_line' id='line_1_25' title="bbox 381 2949 2460 3037; baseline -0 -20"><span class='ocrx_word' id='word_1_182' title='bbox 381 2952 666 3033; x_wconf 84' lang='lat' dir='ltr'>Timone,</span> <span class='ocrx_word' id='word_1_183' title='bbox 713 2974 875 3037; x_wconf 88' lang='lat' dir='ltr'>quae</span> <span class='ocrx_word' id='word_1_184' title='bbox 907 2974 945 3020; x_wconf 90' lang='lat' dir='ltr'>a</span> <span class='ocrx_word' id='word_1_185' title='bbox 968 2955 1316 3021; x_wconf 89' lang='lat' dir='ltr'>Plutarcho</span> <span class='ocrx_word' id='word_1_186' title='bbox 1359 2957 1401 3022; x_wconf 86' lang='lat' dir='ltr'>l.</span> <span class='ocrx_word' id='word_1_187' title='bbox 1446 2956 1491 3020; x_wconf 92' lang='lat' dir='ltr'>l.</span> <span class='ocrx_word' id='word_1_188' title='bbox 1516 2956 1639 3022; x_wconf 87' lang='lat' dir='ltr'>his</span> <span class='ocrx_word' id='word_1_189' title='bbox 1683 2955 1892 3022; x_wconf 87' lang='lat' dir='ltr'>verbis</span> <span class='ocrx_word' id='word_1_190' title='bbox 1937 2954 2241 3019; x_wconf 87' lang='lat' dir='ltr'>refertur:</span> <span class='ocrx_word' id='word_1_191' title='bbox 2276 2949 2460 3018; x_wconf 76' lang='grc' dir='ltr'><strong><em>Ἐστι</em></strong></span> 
     </span>
     <span class='ocr_line' id='line_1_26' title="bbox 378 3041 2456 3144; baseline -0 -23"><span class='ocrx_word' id='word_1_192' title='bbox 378 3080 493 3140; x_wconf 88' lang='grc' dir='ltr'>μοι</span> <span class='ocrx_word' id='word_1_193' title='bbox 546 3055 792 3144; x_wconf 80' lang='grc' dir='ltr'><strong><em>μικρὸν</em></strong></span> <span class='ocrx_word' id='word_1_194' title='bbox 851 3055 1225 3137; x_wconf 79' lang='grc' dir='ltr'><strong><em>οἰκόπεδον,</em></strong></span> <span class='ocrx_word' id='word_1_195' title='bbox 1291 3041 1338 3123; x_wconf 77' lang='grc' dir='ltr'><strong><em>ὦ</em></strong></span> <span class='ocrx_word' id='word_1_196' title='bbox 1399 3057 1632 3144; x_wconf 81' lang='grc' dir='ltr'><strong><em>ἄνδρες</em></strong></span> <span class='ocrx_word' id='word_1_197' title='bbox 1681 3057 2057 3141; x_wconf 78' lang='grc' dir='ltr'><strong><em>Ἀθηναῖοι,</em></strong></span> <span class='ocrx_word' id='word_1_198' title='bbox 2129 3056 2235 3121; x_wconf 77' lang='grc' dir='ltr'>καὶ</span> <span class='ocrx_word' id='word_1_199' title='bbox 2297 3059 2456 3138; x_wconf 83' lang='grc' dir='ltr'><strong><em>συκῆ</em></strong></span> 
     </span>
     <span class='ocr_line' id='line_1_27' title="bbox 379 3156 2456 3250; baseline -0.001 -26"><span class='ocrx_word' id='word_1_200' title='bbox 379 3184 470 3235; x_wconf 79' lang='grc' dir='ltr'>τις</span> <span class='ocrx_word' id='word_1_201' title='bbox 526 3166 600 3229; x_wconf 76' lang='grc' dir='ltr'><strong><em>ἐν</em></strong></span> <span class='ocrx_word' id='word_1_202' title='bbox 660 3159 835 3249; x_wconf 77' lang='grc' dir='ltr'><strong><em>αὐτῷ</em></strong></span> <span class='ocrx_word' id='word_1_203' title='bbox 891 3162 1198 3248; x_wconf 78' lang='grc' dir='ltr'><strong><em>πέφυκεν,</em></strong></span> <span class='ocrx_word' id='word_1_204' title='bbox 1260 3167 1323 3237; x_wconf 79' lang='grc' dir='ltr'>ἐξ</span> <span class='ocrx_word' id='word_1_205' title='bbox 1378 3156 1460 3247; x_wconf 75' lang='grc' dir='ltr'>ἧς</span> <span class='ocrx_word' id='word_1_206' title='bbox 1513 3162 1645 3247; x_wconf 79' lang='grc' dir='ltr'>ἤδη</span> <span class='ocrx_word' id='word_1_207' title='bbox 1710 3162 1929 3250; x_wconf 73' lang='grc' dir='ltr'><strong><em>συχνοὶ</em></strong></span> <span class='ocrx_word' id='word_1_208' title='bbox 1987 3168 2116 3226; x_wconf 84' lang='grc' dir='ltr'><strong><em>τῶν</em></strong></span> <span class='ocrx_word' id='word_1_209' title='bbox 2175 3165 2456 3225; x_wconf 83' lang='grc' dir='ltr'><strong><em>πολιτῶν</em></strong></span> 
     </span>
     <span class='ocr_line' id='line_1_28' title="bbox 383 3261 2457 3354; baseline -0 -27"><span class='ocrx_word' id='word_1_210' title='bbox 383 3262 781 3354; x_wconf 76' lang='grc' dir='ltr'><strong><em>ἀπήγξαντο.</em></strong></span> <span class='ocrx_word' id='word_1_211' title='bbox 875 3268 1129 3351; x_wconf 79' lang='grc' dir='ltr'><strong><em>μέλλων</em></strong></span> <span class='ocrx_word' id='word_1_212' title='bbox 1176 3262 1297 3333; x_wconf 82' lang='grc' dir='ltr'><strong><em>οὖν</em></strong></span> <span class='ocrx_word' id='word_1_213' title='bbox 1342 3266 1720 3353; x_wconf 81' lang='grc' dir='ltr'><strong><em>οἰκοδομεῖν</em></strong></span> <span class='ocrx_word' id='word_1_214' title='bbox 1762 3262 1878 3333; x_wconf 78' lang='grc' dir='ltr'><strong><em>τὸν</em></strong></span> <span class='ocrx_word' id='word_1_215' title='bbox 1923 3262 2137 3332; x_wconf 78' lang='grc' dir='ltr'><strong><em>τόπον</em></strong></span> <span class='ocrx_word' id='word_1_216' title='bbox 2184 3261 2457 3350; x_wconf 68' lang='grc' dir='ltr'><strong><em>ἐβουλή-</em></strong></span> 
     </span>
     <span class='ocr_line' id='line_1_29' title="bbox 376 3366 2454 3463; baseline 0 -31"><span class='ocrx_word' id='word_1_217' title='bbox 376 3374 512 3463; x_wconf 62' lang='grc' dir='ltr'>θην</span> <span class='ocrx_word' id='word_1_218' title='bbox 560 3369 855 3456; x_wconf 75' lang='grc' dir='ltr'><strong><em>δημοσίᾳ</em></strong></span> <span class='ocrx_word' id='word_1_219' title='bbox 897 3383 1264 3457; x_wconf 83' lang='grc' dir='ltr'><strong><em>προειπεῖν,</em></strong></span> <span class='ocrx_word' id='word_1_220' title='bbox 1317 3371 1389 3437; x_wconf 85' lang='grc' dir='ltr'><strong><em>ἵν’</em></strong></span> <span class='ocrx_word' id='word_1_221' title='bbox 1441 3370 1528 3455; x_wconf 75' lang='grc' dir='ltr'><strong><em>ἢν</em></strong></span> <span class='ocrx_word' id='word_1_222' title='bbox 1575 3370 1701 3456; x_wconf 81' lang='grc' dir='ltr'>ἄρα</span> <span class='ocrx_word' id='word_1_223' title='bbox 1746 3373 1916 3444; x_wconf 74' lang='grc' dir='ltr'><strong><em>τινὲς</em></strong></span> <span class='ocrx_word' id='word_1_224' title='bbox 1939 3370 2248 3435; x_wconf 78' lang='grc' dir='ltr'><strong><em>ἐθέλωσιν</em></strong></span> <span class='ocrx_word' id='word_1_225' title='bbox 2268 3366 2454 3453; x_wconf 79' lang='grc' dir='ltr'><strong><em>ὑμῶν</em></strong></span> 
     </span>
     <span class='ocr_line' id='line_1_30' title="bbox 382 3471 2457 3563; baseline 0 -27"><span class='ocrx_word' id='word_1_226' title='bbox 382 3474 534 3557; x_wconf 80' lang='grc' dir='ltr'><strong><em>πρὶν</em></strong></span> <span class='ocrx_word' id='word_1_227' title='bbox 598 3480 955 3560; x_wconf 76' lang='grc' dir='ltr'><strong><em>ἐκκοπῆναι</em></strong></span> <span class='ocrx_word' id='word_1_228' title='bbox 1011 3472 1137 3560; x_wconf 70' lang='grc' dir='ltr'><strong><em>«τήν</em></strong></span> <span class='ocrx_word' id='word_1_229' title='bbox 1209 3482 1411 3559; x_wconf 82' lang='grc' dir='ltr'><strong><em>συκῆν</em></strong></span> <span class='ocrx_word' id='word_1_230' title='bbox 1469 3471 1905 3563; x_wconf 78' lang='grc' dir='ltr'><strong><em>ἀπάγξωνται.</em></strong></span> <span class='ocrx_word' id='word_1_231' title='bbox 2018 3480 2081 3540; x_wconf 84' lang='lat' dir='ltr'>et</span> <span class='ocrx_word' id='word_1_232' title='bbox 2139 3475 2259 3539; x_wconf 82' lang='lat' dir='ltr'>hac</span> <span class='ocrx_word' id='word_1_233' title='bbox 2317 3474 2457 3556; x_wconf 84' lang='lat' dir='ltr'>ipsa</span> 
     </span>
     <span class='ocr_line' id='line_1_31' title="bbox 385 3577 2453 3665; baseline 0 -23"><span class='ocrx_word' id='word_1_234' title='bbox 385 3578 666 3645; x_wconf 88' lang='lat' dir='ltr'>Timonis</span> <span class='ocrx_word' id='word_1_235' title='bbox 711 3581 996 3646; x_wconf 87' lang='lat' dir='ltr'>oratione</span> <span class='ocrx_word' id='word_1_236' title='bbox 1017 3581 1342 3665; x_wconf 85' lang='lat' dir='ltr'>praeclare</span> <span class='ocrx_word' id='word_1_237' title='bbox 1387 3599 1542 3660; x_wconf 87' lang='lat' dir='ltr'>usus</span> <span class='ocrx_word' id='word_1_238' title='bbox 1575 3584 1674 3645; x_wconf 83' lang='lat' dir='ltr'>est</span> <span class='ocrx_word' id='word_1_239' title='bbox 1706 3579 2199 3661; x_wconf 86' lang='lat' dir='ltr'>Shakespearius</span> <span class='ocrx_word' id='word_1_240' title='bbox 2243 3578 2287 3642; x_wconf 88' lang='lat' dir='ltr'>l.</span> <span class='ocrx_word' id='word_1_241' title='bbox 2310 3577 2351 3643; x_wconf 93' lang='lat'>1.</span> <span class='ocrx_word' id='word_1_242' title='bbox 2377 3577 2453 3656; x_wconf 92' lang='lat' dir='ltr'>V,</span> 
     </span>
     <span class='ocr_line' id='line_1_32' title="bbox 385 3680 2455 3768; baseline 0 -24"><span class='ocrx_word' id='word_1_243' title='bbox 385 3680 424 3744; x_wconf 83' lang='lat'>2</span> <span class='ocrx_word' id='word_1_244' title='bbox 478 3683 605 3763; x_wconf 91' lang='lat' dir='ltr'>fin.,</span> <span class='ocrx_word' id='word_1_245' title='bbox 664 3688 737 3750; x_wconf 93' lang='lat' dir='ltr'>ut</span> <span class='ocrx_word' id='word_1_246' title='bbox 789 3685 960 3749; x_wconf 88' lang='lat' dir='ltr'>idem</span> <span class='ocrx_word' id='word_1_247' title='bbox 1016 3685 1235 3768; x_wconf 85' lang='lat' dir='ltr'>paullo</span> <span class='ocrx_word' id='word_1_248' title='bbox 1295 3688 1444 3749; x_wconf 88' lang='lat' dir='ltr'>ante</span> <span class='ocrx_word' id='word_1_249' title='bbox 1503 3703 1774 3767; x_wconf 85' lang='lat' dir='ltr'>persona</span> <span class='ocrx_word' id='word_1_250' title='bbox 1801 3683 2035 3763; x_wconf 45' lang='lat' dir='ltr'>‚utitur</span> <span class='ocrx_word' id='word_1_251' title='bbox 2091 3680 2455 3764; x_wconf 84' lang='lat' dir='ltr'>Apemanti,</span> 
     </span>
     <span class='ocr_line' id='line_1_33' title="bbox 388 3785 2454 3866; baseline 0 -16"><span class='ocrx_word' id='word_1_252' title='bbox 388 3804 570 3866; x_wconf 87' lang='lat' dir='ltr'>quem</span> <span class='ocrx_word' id='word_1_253' title='bbox 590 3788 924 3855; x_wconf 91' lang='lat' dir='ltr'>hominum</span> <span class='ocrx_word' id='word_1_254' title='bbox 947 3806 1195 3856; x_wconf 91' lang='lat' dir='ltr'>osorem</span> <span class='ocrx_word' id='word_1_255' title='bbox 1219 3808 1365 3854; x_wconf 90' lang='lat' dir='ltr'>cum</span> <span class='ocrx_word' id='word_1_256' title='bbox 1387 3808 1565 3856; x_wconf 91' lang='lat' dir='ltr'>osore</span> <span class='ocrx_word' id='word_1_257' title='bbox 1590 3790 1857 3855; x_wconf 90' lang='lat' dir='ltr'>Timone</span> <span class='ocrx_word' id='word_1_258' title='bbox 1880 3787 2123 3852; x_wconf 90' lang='lat' dir='ltr'>inducit</span> <span class='ocrx_word' id='word_1_259' title='bbox 2159 3785 2454 3851; x_wconf 84' lang='lat' dir='ltr'>rixantes.</span> 
     </span>
     <span class='ocr_line' id='line_1_34' title="bbox 390 3888 2455 3976; baseline 0 -23"><span class='ocrx_word' id='word_1_260' title='bbox 390 3893 663 3957; x_wconf 84' lang='lat' dir='ltr'>ceterum</span> <span class='ocrx_word' id='word_1_261' title='bbox 730 3912 891 3976; x_wconf 88' lang='lat' dir='ltr'>quae</span> <span class='ocrx_word' id='word_1_262' title='bbox 958 3895 1036 3959; x_wconf 90' lang='lat' dir='ltr'>de</span> <span class='ocrx_word' id='word_1_263' title='bbox 1104 3894 1389 3974; x_wconf 92' lang='lat' dir='ltr'>Timone,</span> <span class='ocrx_word' id='word_1_264' title='bbox 1457 3892 1893 3960; x_wconf 86' lang='lat' dir='ltr'>Echecratidis</span> <span class='ocrx_word' id='word_1_265' title='bbox 1958 3891 2022 3970; x_wconf 86' lang='lat' dir='ltr'>f.,</span> <span class='ocrx_word' id='word_1_266' title='bbox 2101 3888 2455 3972; x_wconf 81' lang='lat' dir='ltr'>Collytensi</span> 
     </span>
    </p>
   </div>
   <div class='ocr_carea' id='block_1_3' title="bbox 276 3994 2453 4082">
    <p class='ocr_par' dir='ltr' id='par_1_7' title="bbox 276 3994 2453 4082">
     <span class='ocr_line' id='line_1_35' title="bbox 276 3994 2453 4082; baseline 0 -24"><span class='ocrx_word' id='word_1_267' title='bbox 276 4053 281 4058; x_wconf 83' lang='grc'>,</span> <span class='ocrx_word' id='word_1_268' title='bbox 391 4011 571 4078; x_wconf 84' lang='lat' dir='ltr'>supra</span> <span class='ocrx_word' id='word_1_269' title='bbox 615 3999 858 4080; x_wconf 87' lang='lat' dir='ltr'>scripsi,</span> <span class='ocrx_word' id='word_1_270' title='bbox 904 3998 995 4064; x_wconf 87' lang='lat' dir='ltr'>eis</span> <span class='ocrx_word' id='word_1_271' title='bbox 1042 3999 1191 4064; x_wconf 87' lang='lat' dir='ltr'>addi</span> <span class='ocrx_word' id='word_1_272' title='bbox 1234 3999 1543 4064; x_wconf 91' lang='lat' dir='ltr'>nonnulla</span> <span class='ocrx_word' id='word_1_273' title='bbox 1588 3999 1888 4082; x_wconf 87' lang='lat' dir='ltr'>poterunt</span> <span class='ocrx_word' id='word_1_274' title='bbox 1941 4014 2017 4061; x_wconf 80' lang='lat' dir='ltr'>ex</span> <span class='ocrx_word' id='word_1_275' title='bbox 2062 3994 2453 4060; x_wconf 86' lang='lat' dir='ltr'>observatio-</span> 
     </span>
    </p>
   </div>
   <div class='ocr_carea' id='block_1_4' title="bbox 389 4098 2453 4292">
    <p class='ocr_par' dir='ltr' id='par_1_8' title="bbox 389 4098 2453 4292">
     <span class='ocr_line' id='line_1_36' title="bbox 389 4098 2453 4185; baseline 0 -24"><span class='ocrx_word' id='word_1_276' title='bbox 389 4098 567 4167; x_wconf 88' lang='lat' dir='ltr'>nibus</span> <span class='ocrx_word' id='word_1_277' title='bbox 609 4102 1058 4169; x_wconf 91' lang='lat' dir='ltr'>Hemsterhusi</span> <span class='ocrx_word' id='word_1_278' title='bbox 1101 4103 1181 4168; x_wconf 89' lang='lat' dir='ltr'>ad</span> <span class='ocrx_word' id='word_1_279' title='bbox 1211 4103 1360 4170; x_wconf 87' lang='lat' dir='ltr'>Luc.</span> <span class='ocrx_word' id='word_1_280' title='bbox 1387 4104 1631 4169; x_wconf 88' lang='lat' dir='ltr'>Timon.</span> <span class='ocrx_word' id='word_1_281' title='bbox 1678 4122 1727 4169; x_wconf 90' lang='lat' dir='ltr'>c.</span> <span class='ocrx_word' id='word_1_282' title='bbox 1777 4104 1811 4167; x_wconf 89' lang='lat'>1</span> <span class='ocrx_word' id='word_1_283' title='bbox 1863 4101 1960 4185; x_wconf 92' lang='lat' dir='ltr'>(T.</span> <span class='ocrx_word' id='word_1_284' title='bbox 1984 4101 2036 4179; x_wconf 88' lang='lat' dir='ltr'>I,</span> <span class='ocrx_word' id='word_1_285' title='bbox 2081 4119 2140 4182; x_wconf 84' lang='lat' dir='ltr'>p.</span> <span class='ocrx_word' id='word_1_286' title='bbox 2165 4099 2291 4164; x_wconf 82' lang='lat'>351</span> <span class='ocrx_word' id='word_1_287' title='bbox 2318 4117 2453 4181; x_wconf 88' lang='lat' dir='ltr'>sqq.</span> 
     </span>
     <span class='ocr_line' id='line_1_37' title="bbox 393 4202 2451 4292; baseline 0 -27"><span class='ocrx_word' id='word_1_288' title='bbox 393 4202 490 4292; x_wconf 77' lang='lat' dir='ltr'>ed.</span> <span class='ocrx_word' id='word_1_289' title='bbox 537 4202 806 4290; x_wconf 82' lang='lat' dir='ltr'>Lehm.).</span> <span class='ocrx_word' id='word_1_290' title='bbox 892 4206 1071 4273; x_wconf 84' lang='lat' dir='ltr'>velut</span> <span class='ocrx_word' id='word_1_291' title='bbox 1131 4208 1366 4291; x_wconf 86' lang='lat' dir='ltr'>optime</span> <span class='ocrx_word' id='word_1_292' title='bbox 1420 4206 1945 4273; x_wconf 88' lang='lat' dir='ltr'>Hemsterhusius</span> <span class='ocrx_word' id='word_1_293' title='bbox 2012 4203 2307 4270; x_wconf 89' lang='lat' dir='ltr'>dissentit</span> <span class='ocrx_word' id='word_1_294' title='bbox 2371 4202 2451 4267; x_wconf 88' lang='lat' dir='ltr'>ab</span> 
     </span>
    </p>
   </div>
   <div class='ocr_carea' id='block_1_5' title="bbox 394 4302 2452 4469">
    <p class='ocr_par' dir='ltr' id='par_1_9' title="bbox 394 4302 2452 4469">
     <span class='ocr_line' id='line_1_38' title="bbox 394 4302 2452 4397; baseline -0 -26"><span class='ocrx_word' id='word_1_295' title='bbox 394 4302 630 4374; x_wconf 82' lang='lat' dir='ltr'>Acrone</span> <span class='ocrx_word' id='word_1_296' title='bbox 687 4310 784 4396; x_wconf 89' lang='lat' dir='ltr'>(T.</span> <span class='ocrx_word' id='word_1_297' title='bbox 845 4303 909 4377; x_wconf 90' lang='grc' dir='ltr'>Π</span> <span class='ocrx_word' id='word_1_298' title='bbox 962 4331 1021 4395; x_wconf 87' lang='lat' dir='ltr'>p.</span> <span class='ocrx_word' id='word_1_299' title='bbox 1084 4312 1167 4377; x_wconf 89' lang='lat'>10</span> <span class='ocrx_word' id='word_1_300' title='bbox 1229 4313 1322 4378; x_wconf 91' lang='lat' dir='ltr'>ed.</span> <span class='ocrx_word' id='word_1_301' title='bbox 1368 4311 1656 4397; x_wconf 86' lang='lat' dir='ltr'>Hauth.),</span> <span class='ocrx_word' id='word_1_302' title='bbox 1701 4311 1811 4395; x_wconf 93' lang='lat' dir='ltr'>qui</span> <span class='ocrx_word' id='word_1_303' title='bbox 1854 4309 2084 4376; x_wconf 89' lang='lat' dir='ltr'>Horati</span> <span class='ocrx_word' id='word_1_304' title='bbox 2126 4308 2342 4373; x_wconf 92' lang='lat' dir='ltr'>locum</span> <span class='ocrx_word' id='word_1_305' title='bbox 2385 4305 2452 4369; x_wconf 92' lang='lat' dir='ltr'>in</span> 
     </span>
     <span class='ocr_line' id='line_1_39' title="bbox 2002 4417 2038 4469; baseline 0 0"><span class='ocrx_word' id='word_1_306' title='bbox 2002 4417 2038 4469; x_wconf 81' lang='grc'><strong>3</strong></span> 
     </span>
    </p>
   </div>
  </div>
 </body>
</html>
