3099 5241
1056 471 1074 487 ·
1107 430 1127 451 ⁹
1168 408 1666 509 ΚΑΤΛΞΙΛοφΣς
2198 446 2215 481 ⁸
2335 461 2457 527 127

373 627 512 707 Δί’,
578 628 720 694 ἐπεὶ
767 623 1118 712 ἀσταφίδες
1160 653 1235 717 γε
1277 625 1523 703 πάντες
1565 627 1696 714 ἤδη
1745 629 1887 696 εἰσί.
1986 636 2081 721 6..
2137 631 2454 699 ΚΛΩΘ.

371 732 526 809 τούς
568 733 977 819 τραυματίας
1007 733 1128 799 ,ἐπὶ
1183 731 1466 811 τούτοις,
1529 730 1577 799 ὦ
1611 731 1855 819 Ἑρμῆ,
1916 732 2290 823 παράγαγε·
2329 737 2461 818 ,καὶ

374 835 633 925 πρῶτόν
694 862 813 923 μοι
871 840 1118 916 εἴπατε,
1183 838 1360 912 ὅπως
1406 836 1874 914 ἀποθανόντες
1917 842 2136 924 ἥκετε·
2207 842 2463 926 μᾶλλον

377 945 448 1013 δὲ
494 942 656 1028 αὐτῆ
706 939 874 1028 πρὸς
916 941 997 1008 τὰ
1040 943 1464 1031 γεγραμμένα
1498 941 1678 1029 ὑμᾶς
1716 946 2178 1031 ἐπισκέψομαι.
2263 948 2462 1011 πολε-

373 1057 670 1136 μοῦντας
739 1047 1115 1113 ἀποθανεῖν
1176 1046 1307 1147 ἕρει
1365 1050 1520 1134 χθὲς
1575 1053 1647 1113 ἐν
1691 1047 1926 1135 Μηδίᾳ
1982 1051 2293 1135 τέτταρας
2355 1051 2461 1116 ἐπὶ

374 1169 512 1230 τοῖς
578 1152 984 1242 ὀγδοήκοντα
1053 1153 1158 1217 καὶ
1223 1151 1342 1219 τὸν
1392 1149 1760 1238 Ὀξυάρτου
1823 1152 1970 1220 υἱὸν
2034 1153 2182 1239 μετ’
2248 1152 2459 1220 αὐτῶν

375 1256 726 1346 Γωβάρην.
820 1259 1047 1327 ΕΡΜ.
1110 1255 1393 1343 πάρεισι.
1494 1256 1807 1329 ΚΛΩΘ.
1877 1256 2195 1344 δι”ἑρωτα
2223 1258 2462 1333 αὐτοὺς

378 1362 758 1448 ἀπέσφαξαν
828 1360 1028 1441 ἑπτὰ,
1101 1363 1206 1427 καὶ
1275 1360 1309 1426 ὁ
1373 1359 1728 1451 φιλόσοφος
1780 1363 2114 1452 Θεαγένης
2176 1361 2280 1430 διὰ
2337 1362 2462 1448 τήν
2576 1436 2592 1455 ,

376 1608 540 1678 ἓῑΦΓ,
586 1624 867 1678 personam
914 1622 1003 1662 om
1047 1607 1111 1660 A.
1194 1622 1321 1660 vera
1367 1621 1594 1675 persona
1638 1608 1762 1675 post
1807 1611 2220 1678 τετρυγημένοι.
2280 1613 2458 1663 ΧΑΡ.

375 1696 585 1752 Struvii
629 1688 897 1769 sellertiae
944 1693 1181 1749 debetur.
1370 1693 1434 1760 νὴ
1487 1692 1580 1749 Δί’
1622 1692 1672 1752 ἓῑ
1706 1695 1762 1747 et
1796 1712 1850 1763 v,
1899 1696 1978 1763 μὰ
2028 1694 2120 1751 Δί’
2162 1694 2361 1751 ΦΟΕΜ
2406 1698 2462 1749 et

375 1786 471 1857 qui
505 1786 586 1854 μὰ
614 1782 707 1838 δία
736 1778 999 1852 οταφίδες
1033 1780 1147 1851 (om
1173 1779 1291 1834 ἐπεὶ
1314 1783 1371 1834 et
1392 1780 1475 1851 γε)
1501 1782 1566 1835 A.
1742 1778 1879 1852 ἤδη]
1919 1775 2078 1837 οὗτοι
2112 1783 2170 1837 F.
2223 1785 2462 1838 ceterum

373 1874 501 1929 vide
536 1869 1015 1933 Hemsterhusium
1048 1868 1108 1921 in
1141 1868 1343 1921 Anecd.
1380 1885 1433 1936 p,
1471 1872 1555 1926 56.
1734 1864 1862 1938 εἰσί]
1903 1865 2040 1924 εἰσίν
2075 1869 2133 1924 Ω.

514 1966 563 2020 6.
639 1957 761 2015 εἰσί.
836 1957 964 2014 τοὺς
1012 1954 1154 2027 (sine
1188 1954 1437 2025 persona)
1475 1953 1523 2012 21
1560 1956 1616 2007 et
1648 1973 1702 2023 v,
1750 1958 1844 2010 sed
1882 1953 2006 2011 εἰσί.
2064 1962 2291 2013 ΚΛΩΘ.
2332 1960 2462 2018 τοὺς

374 2051 424 2102 Α
451 2050 617 2103 «recte.
792 2044 1080 2116 παράγαγε
1118 2041 1218 2100 21A
1253 2044 1308 2095 et
1341 2058 1396 2110 V,
1432 2040 1652 2112 πάραγε
1693 2042 1845 2097 ΦΩΕ.
2021 2041 2268 2119 πρῶτον]
2304 2049 2459 2117 πρῶ-

373 2157 467 2191 ‘toa
499 2136 550 2189 A
585 2134 750 2189 Solus.
926 2128 1105 2200 μηδᾶᾳ
1140 2127 1290 2187 21ch
1326 2129 1382 2182 et
1416 2146 1469 2198 V,
1506 2127 1715 2198 μηδειά
1751 2130 1811 2199 F,
1848 2132 1944 2186 sed
1978 2137 2146 2202 μυσίᾳ
2182 2134 2290 2188 AC.

378 2220 766 2293 ὀγδοήκοντα]
816 2241 876 2274 π.
917 2236 951 2273 a
995 2220 1051 2272 et
1096 2232 1225 2271 mox
1271 2217 1317 2279 ζ.
1361 2222 1455 2284 ΡΠ)
1492 2216 1651 2270 ἑπτά.
1710 2217 1787 2272 ita
1821 2233 1984 2287 Supra
2018 2236 2064 2273 0.
2103 2228 2135 2277 5
2170 2237 2266 2289 pro
2301 2241 2460 2289 τρια-

376 2311 563 2363 κόσιοι
599 2314 652 2362 Φ
684 2308 845 2363 habet
879 2306 942 2360 τ’.
1002 2303 1151 2375 (sic.)
1345 2309 1521 2357 EPM.
1575 2301 1823 2373 πάρεισι.
1875 2310 2102 2361 ΚΛΩΘ.
2156 2306 2236 2361 δι’
2268 2302 2462 2377 ’ἔρωτα

378 2397 575 2455 αὐτοὺς
614 2395 708 2450 ΦΩ
743 2396 799 2450 et
831 2411 885 2462 V,
935 2397 1113 2446 EPM.
1165 2389 1397 2461 πάρεισι
1446 2388 1513 2459 δὴ
1567 2390 1769 2459 ἐρώτα.
1844 2398 2021 2447 ΚΛΩ.
2078 2393 2278 2454 αὐτοὺς
2326 2395 2373 2454 2(
2408 2398 2464 2449 et

1690 2483 1752 2532 θ.

377 2555 473 2625 qui
511 2552 710 2610 αὖτοὺς
742 2551 802 2622 F,
842 2550 964 2620 ἑρμ.
1005 2546 1237 2618 πάρεισι
1275 2546 1536 2617 ὃιερώτα.
1578 2545 1715 2601 κλωι
1799 2549 1998 2607 αὐτοὺς
2031 2552 2081 2603 Α
2115 2552 2170 2604 et
2207 2553 2255 2604 A
2290 2553 2465 2623 pergit

379 2641 703 2711 ἀπέσφαξεν
765 2639 1030 2708 habetque
1098 2638 1156 2690 in
1219 2654 1383 2706 marg.
1444 2637 1664 2705 signum
1719 2638 1784 2704 4-
1838 2655 1874 2707 p
1927 2655 1998 2692 m.
2213 2640 2460 2711 ἑταίραν]

378 2731 606 2800 ἑταῖραν
653 2728 712 2782 F.
911 2724 1208 2797 Θεαγένης]
1262 2724 1619 2794 philosophus
1671 2725 1773 2780 hoc
1826 2726 2041 2780 nomine
2094 2727 2250 2782 nobis
2301 2729 2462 2784 unice

378 2817 713 2887 quaerendus
759 2817 844 2870 est
889 2821 1063 2883 neque
1111 2813 1460 2867 aberrandum
1518 2813 1585 2866 ad
1623 2811 2036 2882 Olympionicen
2071 2814 2328 2868 Thasium
2373 2810 2463 2870 vel

377 2906 443 2959 ad
478 2904 647 2959 alium
682 2903 823 2971 apud
860 2901 1100 2970 Alciphr.
1136 2899 1272 2968 Epp.
1308 2898 1353 2967 I,
1389 2904 1459 2957 38
1496 2901 1527 2967 ἓ
1562 2903 1613 2967 8,
1665 2900 1758 2968 qui
1793 2916 1901 2953 non
1936 2902 2108 2970 magis
2143 2902 2250 2956 fuit
2285 2903 2462 2971 philo-

377 2992 596 3061 sophus,
682 2989 898 3044 omuino
948 3004 1120 3042 unum
1169 2987 1325 3041 modo
1375 2985 1707 3055 Theagenem
1754 2985 2139 3056 philosophum
2190 2990 2461 3059 novimus»,

378 3079 634 3148 cynicum
668 3076 997 3144 Patrensem,
1035 3091 1196 3144 quem
1229 3075 1283 3144 h.
1319 3073 1355 3127 1.
1394 3073 1503 3126 dici
1540 3072 1767 3128 Solanus
1813 3075 2104 3143 perspexit.
2187 3093 2286 3130 nec
2335 3093 2463 3131 vero

376 3167 637 3235 repugnat
673 3164 906 3219 Galenus
942 3163 1050 3218 vol.
1085 3162 1143 3217 X
1177 3180 1229 3231 p.
1268 3166 1369 3219 909
1406 3176 1521 3229 sqq.
1572 3160 1654 3215 ed.
1691 3160 1893 3229 Kiihn„
1939 3163 2082 3215 unde
2127 3165 2272 3231 patet
2317 3163 2462 3218 hunc

269 3273 276 3282 ·
376 3252 707 3322 Theagenem
762 3268 932 3321 quum
984 3250 1043 3304 in
1095 3250 1342 3304 morbum
1393 3249 1593 3304 Romae
1646 3248 1960 3322 incidisset,
2014 3250 2185 3304 Attali
2244 3251 2464 3306 inscitia

376 3340 598 3410 perisse.
668 3356 793 3394 nam
828 3337 1045 3392 Attalus
1080 3337 1281 3406 aliique
1318 3337 1561 3406 ejusdem
1595 3337 1770 3391 sectae
1804 3336 2005 3390 medici
2041 3338 2103 3391 ut
2136 3338 2464 3407 imperitiam

378 3444 531 3494 suam
568 3424 1087 3496 obtegerent,.falsos
1122 3440 1366 3479 rumores
1401 3424 1466 3477 de
1500 3426 1671 3479 morte
1695 3424 1989 3494 {theagenis
2026 3440 2270 3494 spargere
2308 3444 2463 3496 coge-

378 3516 587 3583 bantur,
629 3514 933 3584 cujusmodi
980 3528 1163 3567 rumor
1197 3511 1361 3580 vulgo
1410 3512 1648 3566 creditus
1696 3512 1761 3565 ab
1797 3512 2036 3567 Luciano
2083 3512 2176 3566 hic
2221 3515 2463 3568 refeitur.

378 3604 433 3655 et
465 3602 681 3670 ‘absque
719 3600 916 3655 Galeno
963 3601 1113 3668 foret,
1158 3600 1216 3653 id
1264 3598 1447 3668 potius
1502 3600 1648 3668 quod
1695 3599 1837 3668 apud
1870 3599 2175 3653 Lucianum
2222 3603 2322 3668 est,
2370 3618 2463 3669 pro

377 3705 506 3742 vero
540 3687 845 3742 habendum
879 3688 1038 3747 esset.
1110 3687 1308 3741 Romae
1344 3686 1491 3741 enim
1525 3686 1689 3740 falsos
1736 3702 1976 3740 rumores
2026 3686 2341 3741 credulitate
2390 3688 2463 3741 ali

337 3793 344 3802 ·
381 3775 550 3829 solere
595 3775 657 3830 L.
693 3774 964 3829 Aemilius
1012 3773 1203 3828 consul
1245 3791 1327 3843 ap.
1365 3773 1421 3828 Τ.
1460 3773 1684 3828 Livium
1717 3777 1804 3841 44,
1839 3778 1907 3831 22
1945 3775 2204 3842 queritur.
2294 3774 2462 3829 Thea-

381 3877 543 3929 genes
579 3862 759 3915 autem
795 3862 897 3916 sub
942 3847 1123 3916 Marco
1158 3860 1429 3915 Antonino
1466 3860 1665 3914 Romae
1701 3861 1946 3914 mortuus
1982 3863 2082 3929 est,
2131 3863 2194 3915 ut
2238 3878 2308 3915 ex
2341 3861 2462 3930 ipso

382 3947 578 4004 Galeno
615 3947 879 4002 discimus
914 3948 1085 4002 multo
1121 3949 1243 4002 ante
1269 3947 1587 4001 Lucianum.
1648 3947 1743 4016 qui
1782 3963 1950 4016 quum
1983 3933 2260 4016 Peressrini
2295 3950 2463 4003 morte
2519 3957 2541 3981 ·

382 4035 730 4090 describenda
762 4023 961 4090 vivuni
992 4035 1321 4104 Theagenem
1368 4033 1671 4110 lacerasset,
1715 4034 1770 4088 h.
1806 4033 1842 4087 l.
1880 4050 1947 4088 ne
1995 4034 2194 4103 sepulti
2244 4035 2464 4104 quidem

378 4124 546 4177 famae
581 4122 823 4196 pepercit
854 4121 1071 4176 inimici
1104 4121 1381 4177 inimicus,
1465 4120 1602 4175 male
1649 4121 1820 4190 igitur
1866 4121 2196 4188 Bernaysius
2233 4122 2464 4192 (Lucian

379 4209 493 4264 und
527 4210 616 4264 die
640 4209 887 4279 Kym‘ker
909 4226 961 4278 p.
988 4209 1081 4279 90)
1109 4207 1296 4265 Galeni
1319 4209 1501 4263 verbis
1526 4209 1784 4277 deceptus
1808 4209 1873 4263 ab
1898 4207 2088 4263 Solane
2124 4208 2386 4263 dissensit
2409 4211 2465 4263 et

379 4297 560 4369 inepte
579 4297 799 4367 prors‘us
817 4295 1148 4365 Theagenem
1169 4298 1387 4367 negavit
1417 4297 1477 4351 in
1496 4294 1711 4365 Cataplo
1730 4296 1841 4350 dici
1860 4296 2117 4366 cynicum
2133 4285 2461 4351 Patrensem.

276 4415 294 4432 .
378 4383 547 4439 immo
598 4400 667 4438 ex
719 4384 822 4437 hoc
868 4383 989 4452 ipso
1036 4382 1071 4437 1.
1123 4384 1371 4452 sequitur
1413 4383 1694 4452 ,Cataplum
1747 4383 2018 4453 dialogum
2068 4383 2211 4437 circa
2264 4381 2463 4437 annum

382 4470 585 4527 CLXX
617 4473 741 4541 post
771 4469 867 4526 Ch.
894 4487 946 4524 n.
983 4470 1200 4542 paululo
1234 4473 1359 4540 post
1391 4472 1619 4526 mortem
1654 4469 1949 4541 Theagenis
1972 4470 2249 4526 Patrensis
2285 4471 2462 4540 philo-
