3099 5241
430 438 453 445 -
548 380 842 440 mvm
1315 382 1862 441 Puomeounm
1979 456 1984 467 Ι

550 557 790 623 famam
834 558 1038 623 secuti
1081 560 1293 623 eraut:
1352 561 1592 642 quanto
1635 558 1845 643 magis
1888 560 1955 625 id
1998 560 2137 625 fieri
2178 578 2438 627 necesse
2483 565 2622 628 erat

549 661 618 727 in
669 660 940 727 historia
994 679 1196 745 eaque
1249 664 1386 729 tam
1439 666 1596 728 nota
1639 663 1933 730 omuibus
1949 669 1985 730 ἰ’
2072 664 2165 730 ita
2206 666 2493 748 profecto
2536 665 2632 732 ab·

486 816 497 821 -
548 765 910 831 rhetoribus
955 767 1087 831 suis
1133 767 1199 832 in
1234 766 1500 833 Timone
1524 768 1845 834 Lucianus
1887 770 2126 852 partim
2168 763 2420 835 videtur
2462 789 2620 853 pen-

550 870 716 936 dere.
804 884 957 936 nam
1004 869 1606 950 declamationibus,
1673 890 1923 937 morum
1982 873 2508 956 descriptionibus
2554 877 2622 940 et

550 973 856 1041 encomiis
891 975 987 1040 ita
1006 993 1161 1040 usus
1183 977 1302 1054 est,
1347 978 1421 1041 ut
1463 975 1600 1058 ipse
1646 976 1973 1062 dialogum
2015 981 2230 1044 actore
2271 979 2620 1061 primarum

550 1077 816 1143 Timone
874 1078 1229 1163 effingeret,
1285 1081 1361 1144 ut
1416 1079 1680 1144 deorum
1724 1081 2081 1147 ministeria
2125 1102 2300 1148 more
2345 1100 2460 1147 suo
2505 1082 2620 1148 ad-

546 1180 814 1261 hiberet,
871 1182 1064 1249 verbo
1117 1186 1192 1249 ut
1248 1182 1637 1250 rhetoricum
1697 1203 1853 1267 opus
1907 1186 1975 1251 in
2027 1186 2274 1269 justam
2336 1189 2621 1252 saturam

551 1289 961 1353 converteret.
1049 1305 1178 1353 una
1222 1289 1438 1353 tamen
1481 1306 1604 1366 res,
1649 1288 1935 1354 thesauri
1955 1290 2239 1355 inventio
2283 1289 2326 1375 ξ
2362 1291 2445 1355 41
2491 1308 2621 1356 ιιοιι

550 1390 902 1458 omittenda
943 1392 1214 1470 videtur,
1260 1411 1450 1476 quam
1492 1392 1737 1474 primus
1780 1394 2052 1459 fortasse
2085 1398 2481 1479 commentus
2505 1397 2617 1460 est.

549 1496 787 1578 optime
833 1498 1004 1563 enim
1045 1497 1573 1566 Hemsterhusius
1618 1499 1699 1563 ad
1737 1498 2071 1564 Timonem
2115 1517 2169 1563 c.
2199 1499 2232 1562 1
2279 1497 2357 1582 (Ι.
2402 1518 2468 1584 p.
2491 1497 2620 1564 353

547 1600 831 1687 Lehm.):
877 1603 978 1682 ,de
1021 1603 1360 1687 insperata,
1404 1604 1635 1687 inquit,
1679 1603 1965 1670 thesauri
2007 1603 2372 1670 inventione
2414 1603 2619 1669 nemi-

548 1724 697 1772 nem
738 1706 933 1774 habet
974 1711 1318 1790 auctorem,
1379 1709 1484 1774 vel
1540 1709 1772 1774 saltem
1825 1708 2080 1774 nullum
2122 1708 2357 1785 inveni,
2403 1707 2468 1772 id
2510 1707 2621 1790 qui

547 1810 891 1877 memoriae
912 1812 1271 1879 mandarit‘.
1359 1831 1511 1880 cave
1533 1812 2020 1879 Hemsterhusio
2041 1829 2324 1895 opponas
2343 1811 2622 1876 Tzetzen

549 1914 712 1981 chil.
737 1914 879 1994 VII,
925 1917 1075 1996 279,
1119 1918 1228 2001 qui
1272 1920 1483 1984 totum
1505 1920 1585 1983 de
1608 1918 1875 1984 Timone
1894 1918 2111 1983 locum
2138 1921 2223 1993 (v,
2246 1914 2621 2000 273—286)

549 2038 585 2084 e
629 2020 767 2086 solo
812 2021 1080 2086 Luciani
1122 2023 1376 2107 dialogo
1421 2024 1751 2090 mutuatus
1796 2025 1914 2101 est,
1958 2024 2034 2087 ut
2055 2019 2322 2109 ‘legenti
2355 2020 2618 2103 patebit.
2739 2078 2752 2083 -

549 2123 660 2188 sed
705 2123 1003 2191 thesauro
1047 2127 1307 2192 invento
1352 2126 1543 2210 plane
1589 2146 1747 2209 opus
1790 2126 1916 2192 fuit
1959 2126 2040 2191 ad
2083 2126 2461 2191 servandam
2482 2124 2619 2189 dia·
2719 2188 2730 2208 ζ

546 2222 683 2311 logi
741 2230 1192 2309 oeconomiam,
1253 2232 1331 2296 de
1389 2249 1515 2314 qua
1569 2251 1638 2296 re
1693 2232 1786 2297 ita
1847 2229 2069 2296 sentio.
2157 2228 2443 2294 rhetores
2495 2228 2622 2293 etsi

547 2348 770 2397 ornare
827 2333 1223 2400 multimodis
1283 2336 1617 2402 Timonem
1697 2335 2092 2413 studuerant,
2151 2335 2362 2403 totum
2403 2334 2619 2397 tamen
2751 2376 2772 2388 .

548 2454 628 2501 ne
682 2435 753 2501 hi
809 2438 1091 2519 quidem·
1125 2441 1450 2505 mutarent
1503 2441 1616 2505 sed
1673 2440 1768 2505 ita
1811 2440 1950 2505 ausi
1996 2442 2177 2504 erant
2218 2436 2503 2515 laudare,
2547 2438 2624 2500 ut

547 2539 615 2604 in
658 2558 809 2605 sene
856 2541 1122 2607 Timone
1166 2543 1329 2615 mira
1372 2545 1685 2628 asperitas
1728 2546 1994 2608 naturae
2041 2546 2106 2607 et
2147 2540 2459 2625 quaedam
2495 2539 2619 2605 im·-

548 2645 826 2712 mauitas
883 2649 1101 2711 tamen
1143 2647 1521 2731 perluceret.
1610 2649 1704 2714 ita
1746 2647 2029 2713 Luciano
2072 2645 2418 2711 verendum
2464 2646 2619 2723 erat,

438 2789 447 2794 -
547 2766 629 2812 ne
688 2765 799 2832 spe
854 2768 972 2818 sua
1026 2752 1362 2832 excideret,
1428 2754 1486 2819 si
1539 2754 1810 2836 longum
1868 2750 2196 2834 dialogum
2263 2746 2622 2831 scripsisset

548 2851 962 2939 hominesque
1007 2856 1089 2922 ab
1130 2857 1403 2942 legendo
1451 2858 1818 2923 deterreret.
1906 2855 2020 2921 sed
2062 2871 2251 2931 nunc,
2285 2850 2423 2917 *ubi
2475 2852 2621 2917 the-

551 2973 776 3025 saurus
799 2960 1095 3026 inventus
1121 2965 1239 3041 est,
1286 2963 1394 3045 qui
1436 2981 1552 3045 per
1595 2980 1664 3026 se
1709 2977 1853 3026 cum
1876 2959 2143 3024 Timone
2179 2973 2312 3022 non·
2328 2954 2623 3021 cohaeret

549 3064 616 3128 et
668 3064 833 3130 mira
891 3066 1169 3150 quadam
1226 3069 1364 3132 arte
1419 3084 1567 3132 cum
1634 3064 1856 3130 eodem
1923 3062 2278 3145 copulatur,
2342 3060 2621 3146 legentis

549 3168 801 3234 animus
845 3169 925 3235 ab
973 3170 1239 3237 Timone
1293 3170 1376 3235 ad
1418 3172 1676 3254 gratum
1713 3169 1859 3233 auri
1903 3167 2276 3250 adspectum
2318 3166 2622 3230 avocatus

547 3275 785 3357 ma‘gua
837 3275 1168 3357 voluptate
1224 3273 1644 3357 perfunditur.
1731 3272 2021 3355 inprimis
2077 3288 2230 3336 vero
2271 3271 2621 3346 teneamus,

548 3376 712 3442 nihil
769 3377 898 3444 loci
952 3378 1158 3444 fuisse
1212 3377 1607 3463 gravissimis
1660 3376 1946 3461 personis
2003 3374 2183 3440 Pluti
2242 3376 2308 3438 et
2363 3372 2621 3450 Peniae,

549 3481 676 3546 nisi
736 3499 943 3548 novus
1007 3482 1345 3549 thesaurus
1401 3481 1664 3564 reperiri
1720 3483 1956 3564 posset.
2057 3478 2240 3557 adde,
2293 3476 2462 3559 quod
2515 3476 2623 3560 (ut

550 3585 686 3669 ipse
729 3585 771 3670 ξ
792 3585 880 3652 45
925 3586 1139 3671 docet)
1184 3586 1335 3653 falsi
1379 3586 1573 3651 amici
1616 3604 1696 3650 ne
1739 3602 1977 3668 poenas
2000 3583 2256 3667 quidem
2279 3582 2622 3659 dedissent,

549 3689 677 3756 nisi
735 3689 1072 3757 thesaurus
1132 3691 1427 3756 inventus
1483 3692 1673 3756 esset.
1762 3688 2018 3754 omnino
2063 3689 2283 3753 autem
2326 3685 2451 3751 duo
2494 3685 2622 3750 loci

549 3791 839 3878 inprimis
885 3798 1245 3861 tractantur
1300 3812 1447 3861 vere
1508 3794 1769 3872 satirici,
1830 3809 2100 3878 quorum
2155 3791 2324 3856 alter
2378 3792 2478 3854 est
2521 3789 2619 3867 ,de

551 3899 835 3966 amicitia
891 3900 1145 3965 fortiter
1209 3900 1497 3965 tuenda‘:
1559 3915 1684 3982 qua
1749 3898 1816 3963 iu
1879 3899 2061 3980 parte
2120 3895 2350 3960 Timon
2407 3895 2620 3959 certus

552 4004 795 4069 amicus
851 4003 1170 4082 laudatur,
1224 4003 1492 4087 parasiti
1559 4005 1775 4068 autem
1819 4002 1959 4085 ejus
1999 3999 2367 4083 puniuntur.
2453 3996 2623 4063 alter

552 4126 701 4174 vero
758 4103 979 4186 loeuS,
1019 4108 1132 4192 qui
1182 4107 1434 4193 longior
1487 4111 1588 4173 est
1636 4106 1846 4190 priore
1902 4108 1966 4171 et
2019 4103 2102 4170 ab
2156 4103 2292 4168 solo
2338 4101 2621 4168 Luciauo

552 4212 635 4277 ad
694 4210 1028 4277 Timonem
1081 4211 1372 4291 refertur,
1430 4212 1616 4277 unice
1669 4210 1948 4294 pertinet
2006 4209 2109 4300 ,ad
2163 4206 2422 4272 divitias
2467 4221 2620 4270 eon·

552 4316 963 4385 temnendas‘.
1051 4320 1118 4383 et
1158 4315 1329 4383 hunc
1368 4315 1630 4402 quidem
1670 4315 1886 4380 locum
1907 4311 2180 4381 Solanus
2201 4327 2348 4377 eum
2368 4308 2621 4376 Aristo-
