3099 5241
1249 445 1788 501 NECYOMANTIA.
2485 446 2561 502 LI

468 624 674 689 fuisse
719 622 1203 688 concedendum
1251 628 1364 687 est.
1452 622 1555 688 Ita
1597 622 1958 688 Favorinus
2003 643 2101 707 ap.
2149 625 2227 686 A.
2280 622 2559 687 Gellium

468 729 549 794 N.
599 729 679 793 A.
727 727 902 809 XlV,
952 729 1007 791 1.
1101 727 1567 792 Chaldaeorum
1635 727 2040 811 disciplinam
2106 732 2320 792 tantae
2377 732 2561 791 vetu-

471 835 652 898 statis
716 852 855 897 esse
914 838 1128 914 negat,
1190 837 1470 915 quantae
1514 851 1656 895 eam
1699 833 1825 916 ipsi
1869 832 2076 896 videri
2119 832 2338 914 velint,
2396 851 2561 915 quae

467 943 639 1003 recte
685 937 853 1001 dicta
897 955 1036 1001 esse
1079 936 1441 1001 Lobeckius
1489 936 1655 1018 (Agl.
1700 957 1764 1020 p.
1812 937 1969 1022 426)
2006 937 2341 1019 judicavit.
2434 935 2559 1000 Sed

473 1043 646 1127 quod
691 1042 771 1106 ad
817 1043 1311 1123 necyomantian
1361 1042 1657 1125 pertinet,
1700 1041 1859 1106 haec
1907 1041 2169 1125 quidem
2216 1048 2278 1106 et
2303 1041 2562 1106 Graecis

462 1149 599 1230 jam
650 1147 843 1231 paulo
900 1152 1047 1211 ante
1094 1144 1579 1211 Onomacritum
1640 1148 1896 1230 cognita
1957 1152 2089 1211 erat
2146 1152 2210 1212 et
2269 1148 2563 1210 omnium

469 1250 601 1316 fere
669 1254 1094 1317 consensione
1151 1272 1189 1315 a
1231 1250 1445 1315 Persis
1505 1257 1640 1316 erat
1693 1252 1986 1336 profecta.
2074 1251 2305 1336 Neque
2361 1273 2564 1317 unam

471 1356 753 1438 magices
819 1356 1160 1421 factionem
1230 1355 1485 1420 Plinius
1551 1355 1794 1420 ibidem
1860 1356 2095 1440 (XXX,
2147 1358 2176 1421 1
2242 1358 2279 1439 ἓ
2326 1359 2368 1422 2
2427 1357 2562 1438 fin.)

470 1460 674 1525 fuisse
725 1460 927 1543 docet,
989 1461 1103 1526 sed
1148 1462 1387 1545 plureS,
1442 1460 1790 1543 Persicam,
1834 1461 1878 1525 J
1880 1461 2197 1543 udaicam,
2245 1461 2564 1547 Cypriam,

475 1584 641 1648 quae
685 1584 787 1629 res
833 1565 1124 1630 similiter
1151 1567 1222 1628 in
1255 1568 1750 1647 necyomantian
1779 1565 2106 1630 transferri
2135 1572 2306 1631 recte
2335 1572 2562 1651 potest.

471 1668 621 1733 Non
682 1689 810 1753 quo
869 1671 1090 1753 magni
1151 1669 1404 1751 referat,
1472 1674 1693 1734 utrum
1736 1675 2136 1735 mortuorum
2181 1691 2425 1753 maneS,
2491 1677 2568 1736 ut

473 1773 854 1858 plerumque
912 1774 1165 1856 accidit,
1230 1776 1301 1836 in
1358 1775 1473 1838 has
1528 1779 1726 1839 terras
1771 1781 2140 1858 evocentur,
2208 1795 2291 1839 an
2336 1795 2565 1859 magus

474 1882 552 1941 ut
607 1879 678 1942 in
722 1877 997 1942 Luciani
1039 1878 1505 1960 Necyomantia
1549 1880 1742 1944 vivus
1803 1881 1885 1944 ad
1937 1880 2177 1945 inferos
2224 1880 2568 1945 descendat

475 1987 538 2046 et
591 1982 743 2046 inde
801 1983 1021 2047 salvus
1075 1988 1444 2048 revertatur.
1537 1983 1664 2050 Sed
1721 1988 1935 2050 tamen
1991 1991 2067 2049 ut
2120 1987 2191 2049 in
2248 2004 2318 2049 re
2361 2005 2565 2068 nuga-

477 2088 656 2169 toria,
706 2108 911 2171 quum
947 2088 1360 2152 mendacium
1389 2089 1747 2170 mendaciO,
1791 2088 2188 2172 glaucomate
2232 2089 2569 2174 glaucoma

476 2194 606 2276 tegi
663 2197 995 2277 oporteret,
1060 2194 1226 2257 ritus
1286 2198 1349 2257 et
1408 2195 1831 2258 caerimoniae
1888 2213 2272 2278 magnopere
2317 2194 2570 2259 diversa

474 2295 757 2361 fuerunt.
848 2296 1018 2362 Nam
1059 2297 1243 2361 Ulixi
1296 2299 1366 2362 in
1416 2296 1532 2361 Od.
1579 2294 1621 2359 λ’
1638 2348 1653 2377 ,
1698 2299 1785 2364 32
1830 2318 1969 2382 sqq.
2020 2298 2338 2383 sanguine
2380 2298 2572 2360 victi-

476 2421 732 2465 marum
773 2403 865 2465 ita
908 2421 1074 2485 opus
1117 2402 1260 2483 fuit,
1317 2407 1392 2466 ut
1448 2406 1665 2467 tamen
1713 2423 1864 2468 oves
1908 2407 2232 2485 mactaret,
2294 2422 2569 2487 quarum

478 2525 767 2571 cruorem
834 2505 1064 2570 umbra
1128 2507 1411 2570 hauriret
1463 2507 1759 2572 Tiresia-e.
1850 2508 1942 2572 At
2000 2508 2109 2572 alii
2173 2508 2443 2572 barbara
2507 2512 2570 2572 et

480 2611 749 2675 immani
816 2611 1286 2676 consuetudine
1341 2615 1586 2677 retenta
1640 2614 1711 2676 in
1765 2613 1887 2676 hoc
1950 2612 2282 2678 divinandi
2338 2632 2571 2697 genere

479 2719 611 2781 tam
654 2715 828 2781 foedi
870 2716 1135 2781 fuerunt
1178 2721 1443 2801 tamque
1487 2717 1984 2800 sanguinolenti,
2028 2723 2104 2781 ut
2137 2737 2370 2802 pueros
2407 2719 2571 2781 occi-

481 2821 723 2902 derent,
782 2840 1057 2904 quorum
1115 2822 1282 2885 extis
1340 2821 1420 2884 ad
1476 2841 1656 2885 sacra
1711 2842 1830 2886 sua
1877 2822 2311 2886 abuterentur.
2404 2821 2572 2885 Vide

481 2926 760 3010 exempli
819 2945 1012 2990 causa
1059 2924 1428 2990 Ciceronem
1484 2928 1557 2990 in
1616 2927 1689 2991 P.
1722 2927 2062 2990 Vatinium
2107 2946 2159 2990 c.
2209 2928 2281 2992 6:
2347 2945 2571 3009 ,quum

479 3030 832 3094 inferorum
887 3031 1134 3094 animas
1193 3031 1440 3113 elicere,
1510 3051 1716 3116 quum
1782 3051 2130 3116 puerorum
2196 3031 2363 3095 extis
2422 3030 2572 3094 deos

480 3154 703 3199 manes
777 3140 1059 3199 mactare
1134 3133 1376 3199 soleas‘.
1490 3134 1577 3199 Et
1648 3135 1906 3201 Plinius
1981 3136 2245 3220 quidem
2322 3133 2422 3216 (N.
2484 3133 2570 3198 H.

479 3238 695 3323 XXX,
745 3240 777 3304 1
831 3240 870 3321 ξ
917 3240 983 3325 3)
1028 3237 1323 3304 DCLVII
1369 3241 1629 3305 demum
1673 3261 1843 3305 anno
1889 3241 2070 3306 urbis
2116 3245 2378 3305 senatus
2424 3259 2576 3303 con—

480 3344 728 3409 sultum
771 3345 927 3408 dicit
953 3343 1198 3409 factum
1227 3364 1387 3426 esse,
1432 3365 1515 3410 ne
1545 3346 1736 3411 homo
1765 3346 2205 3410 immolaretur
2232 3344 2574 3429 palamque

479 3450 549 3513 in
594 3448 758 3514 illud
803 3454 1056 3533 tempus
1099 3469 1339 3513 sacram
1370 3450 1573 3515 fuisse
1603 3451 2032 3535 prodigiosam
2065 3450 2571 3516 celebrationem.

481 3553 609 3619 Sed
651 3573 737 3619 ne
782 3559 1003 3638 postea
1049 3554 1313 3638 quidem
1357 3554 1530 3637 magi
1576 3556 1686 3619 isti
1729 3575 2075 3639 puerorum
2111 3557 2282 3620 vitae
2326 3574 2577 3639 semper

479 3664 921 3744 pepercerunt,
966 3665 1041 3722 ut
1085 3677 1172 3723 ex
1214 3658 1502 3740 Horatio,
1533 3658 1576 3722 J
1580 3660 1861 3742 uvenali,
1890 3659 2175 3741 Lucano,
2205 3659 2575 3743 HeliodorO,

480 3764 827 3828 Ammiano
902 3762 1272 3829 Marcellino
1363 3763 1636 3847 aliisque
1722 3764 2010 3847 intelligi,
2084 3768 2305 3848 potest.
2408 3762 2578 3827 Nam

481 3869 767 3932 humana
833 3867 1143 3933 sacrificia
1179 3887 1321 3952 ’per
1386 3868 1595 3953 legem
1654 3867 1973 3933 Hadriani
2039 3868 2275 3933 abolita
2340 3866 2577 3933 Didius

482 3971 787 4037 Julianus
830 3973 1179 4056 imperator
1222 3975 1470 4057 magiae
1515 3993 1712 4038 causa
1754 3974 2079 4038 revocavit
2123 3979 2284 4038 teste
2326 3978 2579 4057 praeter

483 4075 760 4142 Dionem
826 4077 1162 4161 Spartiano
1229 4078 1298 4141 in
1365 4077 1633 4143 Juliano
1703 4097 1755 4141 c.
1808 4081 1865 4143 7.
1956 4076 2106 4142 Jam
2175 4076 2578 4161 Pythagorae

482 4181 646 4247 liber
702 4184 884 4267 gravi
939 4183 1314 4267 philosopho
1377 4182 1616 4266 dignus
1665 4182 1735 4245 K
1740 4179 2055 4264 αιάβασις
2114 4184 2203 4253 εἰς
2249 4181 2417 4264 ᾅδου
2478 4181 2578 4263 (de

487 4306 613 4370 quo
659 4287 808 4351 vide
852 4286 1248 4353 Lobeckium
1289 4288 1360 4351 in
1406 4287 1721 4372 Aglaoph.
1769 4308 1830 4372 p.
1878 4287 2049 4370 944),
2105 4288 2175 4350 in
2238 4306 2365 4371 quo
2412 4286 2577 4350 libro

484 4390 753 4458 Homeri
819 4399 880 4459 et
936 4391 1206 4458 Hesiodi
1272 4393 1521 4457 animas
1590 4393 1863 4457 cruciari
1920 4392 2170 4457 viderat
2235 4387 2426 4467 ,ἀνθ’
2490 4382 2580 4455 ὦν

2164 4509 2258 4558 IV*
