3099 5241
522 412 660 467 xvi
1261 414 1356 468 DE
1410 412 1889 491 FRAGMENTIS·

525 590 586 653 εἷ
609 585 922 672 -ὗμεῑς,
975 587 1139 666 εἷπε,
1191 589 1445 673 περὶ-
1477 587 1552 653 οὐ
1602 586 1988 671 φροντίζετε.
2062 588 2310 672 Nempe
2343 589 2610 670 cyniciS,

528 713 689 774 quos
734 714 922 778 saepe
966 693 1305 758 Demonax
1350 694 1743 777 sequebatur
1798 694 2060 776 placuit,
2116 698 2192 757 ut
2244 697 2415 756 recte
2459 691 2612 755 Dio-

524 817 721 881 genes
764 797 834 862 L.
869 798 974 881 VI,
1021 800 1162 881 103,
1208 819 1358 863 cum
1405 799 1752 862 dialecticis
1799 799 1989 861 etiam
2034 798 2344 881 physicen
2390 795 2612 861 tollen-

527 902 670 966 dam
717 908 781 966 et
823 904 894 966 111
940 903 1072 967 solo
1116 904 1376 967 virtutis
1422 903 1635 966 studio
1695 902 2152 965 elaborandum
2214 921 2372 965 esse.
2462 901 2612 964 Alio

525 1007 712 1070 modo
755 1008 1099 1091 physicum
1142 1008 1596 1092 philosophum
1641 1005 1980 1070 Demonax
2034 1010 2251 1070 noster
2303 1005 2467 1070 ridet
2510 1025 2609 1088 ap.

525 1110 888 1174 Lucianum
931 1112 1063 1176 Vit.
1110 1111 1377 1176 Demon.
1431 1112 1619 1190 5222.
1732 1111 1960 1194 Itaque
2024 1130 2108 1173 ne
2176 1111 2278 1173 1110
2352 1109 2612 1193 quidem

524 1216 706 1279 locus
750 1214 941 1280 habet
987 1215 1467 1280 dubitationem.

702 1424 860 1489 Εἰσί
922 1448 1112 1496 τινες,
1189 1427 1258 1487 οἳ
1307 1420 1426 1488 τὸν
1485 1417 1789 1506 παρόντα
1858 1425 1985 1505 μὲν
2042 1420 2190 1505 βίον
2255 1418 2329 1483 οὗ
2394 1423 2606 1498 ζῶσιν,

527 1527 683 1593 ἀλλὰ
744 1524 1350 1612 παρασκευάζον-ται
1405 1528 1614 1614 «πολλῇ
1674 1525 1956 1612 σπουδῇ,
2035 1522 2119 1597 ὡς
2175 1520 2396 1608 ἕῑερόν
2462 1548 2607 1589 τινα

522 1633 673 1718 βίον
716 1630 1138 1719 βιωσόμενοι,
1202 1629 1276 1695 οὐ
1325 1629 1438 1696 τὸν
1486 1627 1825 1716 παρόν-ια·
1878 1630 1981 1694 καὶ
2029 1634 2099 1693 ἐν
2142 1625 2350 1707 τούτῳ
2394 1653 2614 1713 παροι-

525 1735 917 1822 λειπόμενος
964 1734 998 1801 ό
1044 1733 1277 1822 χρόνος
1324 1739 1582 1824 οἴχεται.

700 1844 871 1909 Stob.
919 1842 1079 1906 Flor.
1123 1839 1294 1923 ῙῙερὶ
1340 1839 1674 1924 φειδωλίας
1723 1843 1819 1905 tit.
1856 1842 1960 1923 16,
1997 1841 2108 1906 19:
2152 1837 2606 1921 Ἀντιφῶντος.

527 1948 652 2013 εἰσί
692 1986 779 1997 --
826 1948 1084 2033 οἴχεται.
1178 1946 1233 2010 Ε
1280 1945 1548 2011 Stobaeo
1605 1947 1762 2010 haec
1807 1945 2131 2029 Sauppius
2177 1944 2464 2027 (Antiph.
2511 1942 2612 2005 Fr.

526 2075 588 2138 p.
622 2054 786 2136 150)
841 2054 1010 2116 inter
1063 2051 1457 2135 Antiphonis
1526 2051 1885 2135 fragmenta
1953 2051 2142 2133 quasi
2195 2051 2266 2112 in
2321 2068 2391 2112 re
2447 2052 2617 2112 ce1ta

525 2160 782 2242 recepit.
842 2158 934 2221 At
961 2156 1259 2220 nonnihil
1291 2156 1815 2241 scrupuli'injicit
1846 2156 2123 2239 optimus
2159 2154 2365 2218 codex
2387 2153 2470 2235 A,
2505 2153 2618 2236 qui

529 2265 592 2327 h.
624 2264 667 2327 l.
700 2264 858 2327 haec
888 2262 1132 2325 omnia:
1172 2257 1633 2342 Ἀντιφῶντος.
1717 2256 1840 2323 εἰσί
1868 2278 2077 2342 usque
2108 2258 2189 2321 ad
2216 2252 2617 2342 βιωσόμενοι

527 2368 793 2449 omittat,
837 2366 1031 2452 paulo
1062 2370 1206 2450 post
1236 2370 1450 2430 autem
1483 2366 1586 2447 16,
1617 2364 1702 2428 29
1750 2383 1901 2427 cum
1946 2364 2210 2427 caeteris
2252 2361 2436 2426 libris
2478 2362 2616 2445 ipse

533 2491 793 2555 quoque
846 2471 968 2534 1100
1022 2471 1255 2534 lemma
1306 2465 1748 2550 Ἀντιφῶντος
1815 2472 2089 2532 tueatur.
2201 2466 2377 2530 Hinc
2444 2466 2618 2529 enim

530 2577 811 2661 suspicio
879 2581 994 2660 est,
1065 2574 1259 2639 verba
1323 2575 1493 2659 ipsa:
1565 2571 1689 2637 εἰσί
1741 2595 1910 2644 τινες
1955 2609 2039 2619 -
2081 2567 2478 2656 βιωσόμενοι
2534 2589 2619 2634 ex

533 2682 657 2746 alio
704 2680 920 2746 codice
963 2685 1132 2745 recte
1178 2680 1489 2763 suppleta,
1533 2680 1769 2742 lemma
1814 2682 2028 2741 autem
2067 2673 2503 2758 Ἀντιφῶντος
2535 2695 2618 2740 ex

531 2787 830 2851 inferiore
887 2786 996 2850 illo
1055 2786 1194 2849 loco
1244 2786 1347 2866 16,
1394 2785 1499 2866 29,
1564 2784 1674 2867 qui
1736 2782 2057 2845 simillime
2119 2781 2376 2864 incipit:
2435 2778 2617 2842 ”Eme

535 2890 605 2955 δέ
658 2915 753 2963 τις
807 2885 1020 2977 λόγος,
1083 2886 1177 2960 ὡς·
1211 2927 1295 2935 -
1341 2893 1575 2952 10111010
1631 2891 1955 2970 arreptum
2011 2905 2167 2950 esse.
2271 2884 2616 2948 Enimvero
2677 2909 2685 2914 ,

532 2997 638 3060 hic
690 2998 829 3080 ipse
880 2995 1272 3077 Antiphonis
1327 2993 1508 3056 locus
1567 2989 1748 3073 (Εἰσί
1788 3014 1958 3062 τινες
2005 3014 2060 3053 κ.
2113 3014 2173 3054 «τ.
2224 2989 2308 3071 λ.)
2356 2988 2435 3052 ab
2482 2988 2619 3051 An-

534 3102 709 3164 tonio
754 3100 961 3184 palam
1010 3097 1419 3182 ,1)01110110011ι
1470 3096 1846 3180 adsignatur
1890 3097 1962 3157 in
2006 3094 2203 3159 Serm.
2245 3094 2397 3159 140:
2456 3090 2620 3175 Περὶ

534 3200 826 3281 πλούτου
885 3228 941 3268 κ.
992 3227 1052 3267 τ.
1103 3202 1157 3267 λ.
1221 3223 1282 3287 p.
1329 3202 1480 3284 222,
1523 3201 1633 3282 48,
1701 3198 1815 3264 ubi
1880 3200 1988 3263 ille
2055 3200 2145 3262 ita
2209 3199 2392 3283 legit:
2463 3196 2623 3262 Εἰσί

533 3332 725 3384 τινες,
778 3312 847 3371 οἳ
885 3304 998 3371 τὸν
1044 3309 1172 3389 μὲν
1214 3301 1514 3388 παρόντα
1559 3303 1707 3389 βίον
1753 3302 1898 3389 (sic)
1951 3342 2026 3352 —
2075 3300 2160 3375 ὡς
2206 3309 2426 3385 ἕτερον
2469 3301 2620 3386 βίον

536 3412 681 3499 (sic)
723 3451 812 3459 —-
857 3408 931 3475 οὗ
989 3408 1103 3475 «τὸν
1162 3404 1462 3492 παρόντα
1523 3410 1707 3492 (nihil
1765 3409 2064 3493 ampliuS,
2119 3407 2365 3471 ultimis
2408 3406 2621 3471 verbis

537 3523 779 3601 septem
859 3515 1152 3596 omissis).
1270 3514 1558 3599 Adparet
1636 3520 1852 3579 autem
1929 3533 2136 3577 unum
2214 3512 2621 3593 eundemque

537 3624 737 3687 unius
803 3622 1127 3706 scriptoris
1191 3620 1407 3683 locum
1476 3619 1818 3703 utrobique
1887 3622 2210 3682 servatum
2278 3636 2438 3698 esso,
2508 3617 2620 3698 qui

537 3729 720 3791 locus
777 3727 832 3791 si
887 3725 1300 3790 Demonactis
1355 3724 1568 3808 fuerit,
1637 3745 1719 3789 110
1787 3724 2065 3807 potuerit
2135 3721 2396 3805 quidem
2450 3721 2621 3785 idem

539 3852 678 3897 esse
743 3832 1150 3916 Antiphonis.
1266 3828 1474 3905 Quare
1553 3830 1609 3892 si
1684 3829 2023 3892 deteriores
2088 3827 2283 3890 libros
2350 3826 2393 3889 J
2395 3827 2621 3889 oannis

540 3937 794 4001 Stoba-ei
853 3937 1038 4019 sequi
1092 3936 1423 4020 placuerit,
1485 3935 1604 3997 uni
1646 3934 2007 4016 Antiphoni
2065 3933 2221 3995 haec
2279 3931 2624 3995 tribuenda

540 4045 722 4106 sunt:
782 4042 883 4104 sin
940 4041 1211 4104 Antonii
1278 4041 1348 4102 in
1404 4037 1666 4101 Melissa
1731 4038 2075 4119 levitatem,
2136 4037 2255 4100 uni
2315 4038 2622 4100 nimirum

539 4145 934 4211 Demonacti.
1011 4143 1108 4208 De
1157 4164 1285 4228 qua
1328 4162 1398 4207 re
1441 4142 1601 4205 mihi
1649 4141 1910 4224 quidem
1956 4162 2089 4205 11011
2131 4141 2367 4225 liquet:
2418 4161 2622 4224 qua-n-

543 4271 738 4334 quam
783 4250 864 4314 ad
906 4250 947 4312 l.
982 4248 1154 4312 haud
1200 4246 1558 4311 absimilem
1584 4245 1862 4311 'Luciani
1892 4246 1991 4311 De
2022 4246 2213 4310 Merc.
2240 4244 2438 4309 Cond.
2475 4247 2622 4326 §30

541 4354 652 4417 fin.
723 4354 1081 4437 Antiphoni
1158 4353 1313 4416 haec
1393 4350 1693 4414 adtribui.
1810 4350 2104 4414 Ceterum
2183 4351 2251 4413 in
2330 4349 2624 4431 Stobaeo,
