3099 5241
582 419 666 484 78
1396 419 1854 472 ΛοτΚιΑΝοτ

578 588 747 673 μετὰ
837 588 1058 678 πάσης
1147 590 1435 681 ἀνάγκης
1522 590 2141 678 προστεταγμένοις.
2274 591 2496 656 MIN.
2614 586 2662 654 ὥ

578 691 959 780 Σώστρατε,
1042 695 1249 763 πολλοὶ
1322 697 1481 773 ἴδοις
1549 695 1633 760 ἄν
1691 696 1796 760 καὶ
1865 693 2024 760 ἄλλα
2093 691 2166 760 οὐ
2239 692 2400 759 κατὰ
2468 690 2662 781 λόγον

579 795 961 886 γιγνόμενα,
1024 804 1084 866 εἰ
1135 799 1407 887 ἀκριβῶς
1466 788 1797 879 ἐξετάζοις.
1890 797 2067 883 πλὴν
2123 796 2279 863 ἀλλὰ
2345 796 2419 863 σύ
2465 806 2661 864 τοῦτο

583 902 958 979 ἀπέλαυσας
1001 912 1121 988 τῆς
1166 903 1556 989 ἐρωτήσεως,
1609 902 1773 970 διότι
1819 903 1894 970 οὐ
1943 902 2180 992 λῃστὴς
2216 900 2455 988 μόνον,
2507 899 2661 966 ἀλλὰ

583 1008 688 1072 καὶ
757 1006 1068 1094 σοφιστής
1132 1034 1227 1083 τις
1293 1008 1458 1075 εἶναι
1527 1010 1760 1083 δοκεῖς.
1876 1006 2216 1075 ἀπόλυσον
2287 1005 2524 1085 αὐτὸν,
2611 1001 2658 1071 ὦ

569 1108 823 1196 Ἑρμῆ,
894 1114 999 1177 καὶ
1066 1115 1296 1199 μηκέτι
1361 1116 1757 1194 κολαζέσθω.
1869 1114 1988 1198 ὅρα
2058 1112 2128 1178 δὲ
2191 1109 2290 1197 μὴ
2350 1112 2455 1177 καὶ
2509 1107 2660 1184 τοὺς

587 1212 817 1289 ἄλλους
860 1218 1126 1301 νεκροῦς
1172 1216 1252 1283 τοὶ
1301 1220 1500 1304 ὅμοια
1548 1224 1792 1306 ἐρωτᾶν
1840 1216 2121 1308 διδάξῃς.

589 1510 765 1566 insani
802 1533 862 1583 γε
902 1508 1079 1567 εἰπεῖν
1115 1514 1266 1584 CAF,
1301 1517 1461 1570 recte.
1639 1516 1755 1585 ἔχοι
1789 1536 1887 1579 τις,
1931 1515 2002 1573 ὡς
2034 1512 2297 1581 ΒΟἩΑἙ,
2336 1513 2452 1581 ἔχοι
2487 1534 2567 1570 τις
2603 1511 2668 1566 ἃν

1007 1623 1063 1654 οι

592 1669 664 1727 ὡς
696 1688 750 1737 V,
805 1671 900 1724 sed
948 1672 1058 1739 ἔχει
1102 1692 1200 1735 τις,
1260 1672 1333 1753 ὡς
1379 1672 1582 1745 (omnia
1616 1689 1678 1742 pr
1712 1673 1791 1744 m)
1832 1678 1900 1741 Φ,
1956 1671 2050 1741 qui
2087 1670 2446 1739 conjecturam
2480 1685 2665 1733 meam,

591 1758 701 1824 ἵκει
736 1778 834 1820 τις,
876 1757 947 1816 ὥς
982 1762 1159 1828 aperte
1195 1761 1483 1814 confirmat.
1643 1761 1706 1815 τὸ
1748 1758 2048 1830 ἀντιλέγειν
2071 1757 2336 1825 ΒΟἋΑΟ,
2374 1754 2670 1826 ἀντιλέγειν

589 1843 741 1898 ΩΦΕ
774 1846 829 1898 et
863 1862 916 1899 V.
1112 1846 1254 1905 ἴδοις
1290 1846 1377 1916 ἂν]
1425 1846 1492 1900 div
1531 1845 1674 1904 ἴδοις
1711 1847 1776 1906 21.
1972 1846 2266 1917 γιγνόμενα
2303 1843 2404 1899 ΒΟ
2441 1844 2542 1914 (ita
2581 1843 2667 1912 Ο),

590 1931 853 2002 γινόμενα
891 1934 1084 1987 caeteri
1120 1935 1174 1988 et
1208 1953 1260 1989 v.
1454 1933 1754 2005 ἐξετάζοις]
1807 1933 2083 1997 ἐξετάζεις
2117 1934 2184 1985 A·
2384 1933 2446 1983 οἷ)
2482 1925 2667 2002 ῒθῦῖθ]

595 2020 656 2072 σὺ
715 2036 801 2073 om
852 2018 1026 2075 ΒΟΨ.
1241 2019 1575 2079 ἀπολαιῖσεις
1624 2021 1752 2076 libri
1805 2022 1870 2075 ad
1927 2037 2097 2074 unum
2153 2036 2365 2086 omnes,
2418 2036 2512 2089 pro
2566 2035 2670 2087 quo

590 2106 1039 2161 Hemsterhusius
1091 2106 1391 2166 ἀπολαύεις
1436 2110 1713 2177 perspecto
1761 2108 1933 2177 magis
1983 2107 2122 2162 vitio
2171 2124 2333 2177 quam
2381 2108 2669 2176 persanato.

590 2210 715 2247 nam
760 2193 913 2248 attici
961 2194 1159 2249 talibus
1203 2194 1262 2248 in
1309 2195 1443 2249 locis
1491 2212 1767 2264 nunquam
1814 2213 1919 2250 non
1960 2195 2220 2250 aoristum
2268 2196 2474 2263 ponunt
2520 2192 2670 2247 verbi

591 2279 784 2334 ironici
842 2280 1146 2334 ἀπολαύειν
1197 2282 1423 2351 ideoque
1475 2281 1568 2335 hic
1618 2281 1929 2340 ἀπέλαυσας
1981 2282 2046 2336 ab
2094 2299 2179 2336 me
2227 2281 2529 2351 repositum
2574 2283 2671 2332 est.

594 2366 779 2421 eodem
827 2367 985 2422 modo
1034 2368 1151 2439 ipse
1198 2370 1380 2423 noster
1416 2367 1660 2437 loquitur
1693 2367 1824 2424 item
1860 2369 1916 2423 in
1952 2371 2056 2424 fine
2092 2368 2291 2438 dialogi
2328 2365 2673 2436 Philopseud.

597 2470 643 2507 c.
679 2459 749 2512 40
794 2453 914 2507 init.
952 2456 1008 2508 et
1053 2455 1247 2510 comici
1296 2471 1690 2524 saepenumero,
1739 2455 1892 2511 velut
1927 2458 2312 2526 Aristophanes
2360 2471 2443 2523 ap.
2480 2452 2672 2506 Athen,
2720 2490 2728 2496 -

569 2539 682 2593 ‘IX
714 2557 766 2609 p.
803 2546 923 2609 372,
961 2559 1035 2595 0.:
1094 2541 1411 2595 ἀπέλαυσαν
1450 2542 1561 2612 ι’ίρα
1603 2549 1854 2615 σέβοντες
1892 2545 2047 2612 ὑμᾶς,
2087 2544 2337 2613 idemque
2374 2543 2432 2595 in
2468 2539 2678 2594 Avibus

596 2644 650 2681 v.
692 2631 845 2696 1358,
892 2628 987 2682 ubi
1035 2630 1152 2683 edd.
1189 2631 1321 2684 vett.
1362 2631 1646 2684 ἀπέλαυσα
1691 2633 1797 2703 γὰρ
1837 2632 1900 2700 νὴ
1940 2632 2039 2685 τὸν
2075 2632 2189 2694 Δί’,
2243 2631 2455 2685 codices
2501 2631 2679 2682 autem

598 2713 776 2785 (RVI'
821 2717 876 2769 et
910 2716 1206 2771 Vaticanus
1253 2718 1477 2788 diserte)
1534 2718 1817 2772 ἀπέλαυσα
1871 2720 1977 2789 γὰρ
2036 2719 2102 2771 ἂν
2154 2720 2216 2785 τί)-
2272 2717 2360 2786 ᾼί’
2403 2716 2676 2771 exhibent.

598 2818 669 2854 ex
716 2801 806 2855 his
853 2802 1141 2872 Elmslejus
1192 2804 1281 2874 (ad
1317 2806 1451 2859 Ach.
1490 2825 1542 2860 v.
1579 2808 1705 2875 323)
1760 2825 1929 2877 quum
1982 2806 2120 2861 crasi
2172 2805 2321 2873 τᾶρα
2375 2821 2510 2873 opus
2561 2820 2679 2858 esse

598 2888 847 2957 vidisset,
893 2890 1029 2945 male
1065 2892 1321 2946 confecit:
1372 2891 1655 2947 ἀπέλαυσα
1692 2887 1812 2964 τᾶρ’
1855 2893 1922 2948 ὃν
1957 2895 2020 2961 νὴ
2063 2893 2177 2958 Δί’,
2228 2893 2286 2947 id
2321 2893 2464 2963 quod
2499 2907 2680 2947 omnes

599 2977 785 3045 postea
832 2978 1006 3031 secuti
1054 2982 1182 3034 sunt
1227 2997 1400 3051 neque
1449 2980 1752 3050 cogitarunt
1799 2981 1864 3034 ἄν
1898 2982 1953 3035 h.
1989 2981 2020 3034 Ι.
2057 2981 2214 3050 longe
2249 2997 2369 3035 esse
2403 2977 2680 3048 ineptissi-

601 3081 767 3118 mum.
837 3061 1003 3120 immo
1037 3067 1420 3137 Aristophanes
1467 3068 1545 3122 ita
1593 3069 1906 3138 scripserat:
1965 3068 2249 3122 ἀπέλαυσα
2298 3066 2444 3135 τᾶρα
2484 3069 2545 3132 νὴ
2587 3065 2677 3121 Δί’

604 3154 789 3209 ἐλθών
836 3152 1036 3207 ἐνθαδὶ
1074 3186 1159 3208 -.
1353 3155 1674 3224 ἐρωτήσεως
1706 3156 1807 3212 ΒΟ
1855 3156 1954 3228 (ita
1996 3156 2064 3226 Ο)
2115 3154 2233 3217 ἩΑ,
2293 3152 2685 3223 ἐπερωτήσεως

606 3242 702 3297 ‹1›F
736 3245 792 3297 et
824 3260 876 3295 v.
1055 3264 1135 3301 τις
1168 3259 1255 3297 0111
1291 3243 1467 3302 BO111.
1648 3245 1716 3297 τὰ
1756 3243 1926 3312 ὅμοια
1966 3243 2180 3311 ε’ρωτᾶν
2207 3243 2308 3297 BO
2345 3242 2445 3314 (ita
2475 3242 2541 3311 O)
2567 3240 2678 3302 21‘1',

607 3330 823 3399 ε’ρωτᾶι·
866 3330 936 3382 τὰ
984 3329 1153 3397 ὅμοια
1194 3330 1390 3383 ΦΑῈΩ
1435 3333 1490 3385 et
1525 3350 1577 3385 V.
1758 3330 2008 3403 διδάξῃς]
2060 3328 2309 3393 διδάξεις
2343 3335 2409 3382 Φ.
2451 3359 2517 3368 -
2551 3328 2682 3382 haec

606 3418 736 3472 dum
783 3417 976 3485 scribe,
1031 3433 1149 3472 sero
1197 3420 1379 3486 accepi
1422 3417 1682 3474 lectiones
1730 3419 1959 3476 duorum
1996 3417 2339 3485 Venetorum,
2393 3416 2597 3471 codicis
2634 3419 2684 3469 Ω

608 3508 713 3574 (no,
750 3507 879 3577 434)
926 3508 982 3560 et
1018 3504 1111 3573 qui
1147 3504 1336 3559 melior
1369 3508 1454 3560 est
1497 3512 1551 3558 Ψ
1581 3506 1689 3577 (no.
1725 3508 1869 3575 436).
1940 3505 2099 3560 unice
2135 3506 2202 3559 ad
2237 3504 2458 3559 ultimos
2494 3504 2685 3558 horum

607 3592 939 3661 dialogorum
958 3593 1254 3662 pertinent:
1281 3593 1468 3648 insunt
1490 3593 1636 3648 enim
1660 3592 1858 3662 dialogi
1883 3595 2213 3647 mortuorum
2230 3590 2683 3647 XXIII-XXX.

608 3680 838 3734 contulit
882 3681 932 3734 J.
982 3681 1465 3737 Sommerbrodtius
1519 3698 1778 3751 suamque
1833 3680 2167 3736 collationem
2219 3680 2452 3734 inseruit
2497 3677 2686 3732 Museo

606 3769 863 3828 Rhenano
915 3769 1011 3823 Nr.
1058 3769 1254 3824 XXIV
1307 3788 1357 3839 p.
1407 3774 1700 3828 601—606.
1800 3784 2020 3824 necesse
2071 3770 2155 3821 est
2205 3769 2385 3821 autem
2437 3765 2688 3821 codicum

610 3857 893 3926 scripturis
940 3857 1252 3928 judicandis
1300 3858 1483 3912 literas
1533 3874 1717 3911 omnes
1765 3872 2052 3926 earumque
2098 3854 2278 3924 apices
2310 3853 2510 3932 rimari.
2582 3867 2687 3921 quo

610 3947 781 4015 magis
815 3946 1041 4001 lectores
1080 3963 1225 4001 meos
1260 3962 1403 4015 rogo,
1452 3948 1516 4000 ut
1549 3946 1674 4001 illos
1706 3944 1886 3999 Musei
1920 3943 2066 3998 locos
2101 3942 2210 4012 ipsi
2245 3940 2513 4010 evolyant.
2584 3940 2686 3993 hoc

611 4040 791 4089 tamen
843 4035 891 4089 si
947 4035 1039 4104 qui
1092 4036 1263 4089 facere
1316 4035 1554 4089 nondum
1609 4032 1908 4103 potuerint,
1967 4030 2185 4083 interim
2238 4029 2481 4083 sufficere
2534 4027 2691 4081 debet

612 4125 793 4179 nostra
844 4123 1138 4178 lectionum
1190 4122 1404 4176 illarum
1459 4120 1766 4190 descriptio.
1856 4121 1939 4172 est
1992 4120 2172 4172 autem
2230 4115 2326 4171 illa
2377 4132 2513 4186 quae
2564 4131 2690 4169 cum

611 4211 969 4269 Herwerdeno
1005 4211 1149 4268 haud
1184 4209 1386 4285 ubique
1424 4208 1695 4282 convenit,
1729 4208 1886 4263 haec:
