<?xml version="1.0" encoding="UTF-8"?>
<!DOCTYPE html PUBLIC "-//W3C//DTD XHTML 1.0 Transitional//EN"
    "http://www.w3.org/TR/xhtml1/DTD/xhtml1-transitional.dtd">
<html xmlns="http://www.w3.org/1999/xhtml" xml:lang="en" lang="en">
 <head>
  <title>
</title>
<meta http-equiv="Content-Type" content="text/html;charset=utf-8" />
  <meta name='ocr-system' content='tesseract 3.04.00' />
  <meta name='ocr-capabilities' content='ocr_page ocr_carea ocr_par ocr_line ocrx_word'/>
</head>
<body>
  <div class='ocr_page' id='page_1' title='image "./lucianussamosat01fritgoog_0254.png"; bbox 0 0 3099 5241; ppageno 0'>
   <div class='ocr_carea' id='block_1_1' title="bbox 559 377 1818 460">
    <p class='ocr_par' dir='ltr' id='par_1_1' title="bbox 559 377 1818 460">
     <span class='ocr_line' id='line_1_1' title="bbox 559 377 1818 460; baseline 0.011 -12"><span class='ocrx_word' id='word_1_1' title='bbox 559 377 708 449; x_wconf 79' lang='lat'><strong><em>206</em></strong></span> <span class='ocrx_word' id='word_1_2' title='bbox 1381 409 1818 460; x_wconf 73' lang='lat' dir='ltr'><em>AOYKIANOY</em></span> 
     </span>
    </p>
   </div>
   <div class='ocr_carea' id='block_1_2' title="bbox 389 576 2633 1808">
    <p class='ocr_par' dir='ltr' id='par_1_2' title="bbox 389 576 2633 1808">
     <span class='ocr_line' id='line_1_2' title="bbox 555 576 2632 668; baseline -0 -24"><span class='ocrx_word' id='word_1_3' title='bbox 555 585 672 663; x_wconf 83' lang='grc' dir='ltr'><strong><em>τῆς</em></strong></span> <span class='ocrx_word' id='word_1_4' title='bbox 739 576 1104 655; x_wconf 79' lang='grc' dir='ltr'><strong><em>διατάξεως.</em></strong></span> <span class='ocrx_word' id='word_1_5' title='bbox 1212 584 1401 668; x_wconf 79' lang='grc' dir='ltr'><strong><em>ἐχρῆν</em></strong></span> <span class='ocrx_word' id='word_1_6' title='bbox 1466 578 1591 667; x_wconf 76' lang='grc' dir='ltr'><strong><em>γὰρ</em></strong></span> <span class='ocrx_word' id='word_1_7' title='bbox 1657 577 1735 646; x_wconf 81' lang='grc' dir='ltr'><strong><em>τό</em></strong></span> <span class='ocrx_word' id='word_1_8' title='bbox 1801 583 2080 666; x_wconf 80' lang='grc' dir='ltr'><strong><em>πρᾶγμα</em></strong></span> <span class='ocrx_word' id='word_1_9' title='bbox 2126 582 2268 663; x_wconf 78' lang='grc' dir='ltr'><strong><em>ἑξῆς</em></strong></span> <span class='ocrx_word' id='word_1_10' title='bbox 2310 603 2450 654; x_wconf 84' lang='grc' dir='ltr'><strong><em>πως</em></strong></span> <span class='ocrx_word' id='word_1_11' title='bbox 2490 579 2632 667; x_wconf 81' lang='grc' dir='ltr'><strong><em>γίγ-</em></strong></span> 
     </span>
     <span class='ocr_line' id='line_1_3' title="bbox 558 679 2632 770; baseline 0 -22"><span class='ocrx_word' id='word_1_12' title='bbox 558 689 816 761; x_wconf 88' lang='grc' dir='ltr'><strong><em>νεσθαι,</em></strong></span> <span class='ocrx_word' id='word_1_13' title='bbox 887 680 1002 749; x_wconf 83' lang='grc' dir='ltr'><strong><em>τὸν</em></strong></span> <span class='ocrx_word' id='word_1_14' title='bbox 1077 681 1521 769; x_wconf 75' lang='grc' dir='ltr'><strong><em>πρεσβύτερον</em></strong></span> <span class='ocrx_word' id='word_1_15' title='bbox 1581 681 1929 770; x_wconf 86' lang='grc' dir='ltr'><strong><em>πρότερον,</em></strong></span> <span class='ocrx_word' id='word_1_16' title='bbox 2002 682 2108 748; x_wconf 80' lang='grc' dir='ltr'><strong><em>καὶ</em></strong></span> <span class='ocrx_word' id='word_1_17' title='bbox 2164 679 2334 768; x_wconf 77' lang='grc' dir='ltr'><strong><em>μετὰ</em></strong></span> <span class='ocrx_word' id='word_1_18' title='bbox 2391 688 2632 749; x_wconf 84' lang='grc' dir='ltr'><strong><em>τοῦτον</em></strong></span> 
     </span>
     <span class='ocr_line' id='line_1_4' title="bbox 557 785 2631 874; baseline -0 -22"><span class='ocrx_word' id='word_1_19' title='bbox 557 786 734 860; x_wconf 85' lang='grc' dir='ltr'><strong><em>ὅστις</em></strong></span> <span class='ocrx_word' id='word_1_20' title='bbox 811 786 917 853; x_wconf 75' lang='grc' dir='ltr'><strong><em>καὶ</em></strong></span> <span class='ocrx_word' id='word_1_21' title='bbox 997 791 1079 873; x_wconf 77' lang='grc' dir='ltr'><strong><em>τῇ</em></strong></span> <span class='ocrx_word' id='word_1_22' title='bbox 1152 785 1361 874; x_wconf 79' lang='grc' dir='ltr'><strong><em>ἡλικίᾳ</em></strong></span> <span class='ocrx_word' id='word_1_23' title='bbox 1440 785 1578 873; x_wconf 85' lang='grc' dir='ltr'><strong><em>μετ’</em></strong></span> <span class='ocrx_word' id='word_1_24' title='bbox 1653 785 1878 865; x_wconf 80' lang='grc' dir='ltr'><strong><em>αὐτὸν,</em></strong></span> <span class='ocrx_word' id='word_1_25' title='bbox 1965 785 2495 872; x_wconf 79' lang='grc' dir='ltr'><strong><em>ἀναστρέφεσθαι</em></strong></span> <span class='ocrx_word' id='word_1_26' title='bbox 2561 785 2631 852; x_wconf 76' lang='grc' dir='ltr'><strong><em>δὲ</em></strong></span> 
     </span>
     <span class='ocr_line' id='line_1_5' title="bbox 553 887 2633 978; baseline 0 -23"><span class='ocrx_word' id='word_1_27' title='bbox 553 888 905 975; x_wconf 80' lang='grc' dir='ltr'><strong><em>μηδαμῶς,</em></strong></span> <span class='ocrx_word' id='word_1_28' title='bbox 975 889 1150 975; x_wconf 84' lang='grc' dir='ltr'><strong><em>μηδὲ</em></strong></span> <span class='ocrx_word' id='word_1_29' title='bbox 1195 893 1313 974; x_wconf 83' lang='grc' dir='ltr'><strong><em>ζῆν</em></strong></span> <span class='ocrx_word' id='word_1_30' title='bbox 1354 894 1484 977; x_wconf 82' lang='grc' dir='ltr'><strong><em>μὲν</em></strong></span> <span class='ocrx_word' id='word_1_31' title='bbox 1525 888 1645 957; x_wconf 83' lang='grc' dir='ltr'><strong><em>τὸν</em></strong></span> <span class='ocrx_word' id='word_1_32' title='bbox 1688 889 2091 978; x_wconf 79' lang='grc' dir='ltr'><strong><em>ὑπέργηρων,</em></strong></span> <span class='ocrx_word' id='word_1_33' title='bbox 2144 887 2422 964; x_wconf 76' lang='grc' dir='ltr'><strong><em>ὀδόντας</em></strong></span> <span class='ocrx_word' id='word_1_34' title='bbox 2463 902 2633 976; x_wconf 84' lang='grc' dir='ltr'><strong><em>τρεῖς</em></strong></span> 
     </span>
     <span class='ocr_line' id='line_1_6' title="bbox 555 991 2632 1083; baseline 0 -24"><span class='ocrx_word' id='word_1_35' title='bbox 555 991 649 1059; x_wconf 65' lang='grc' dir='ltr'><strong><em>ἔτι</em></strong></span> <span class='ocrx_word' id='word_1_36' title='bbox 702 991 974 1069; x_wconf 83' lang='grc' dir='ltr'><strong><em>λοιπούς</em></strong></span> <span class='ocrx_word' id='word_1_37' title='bbox 1027 992 1278 1082; x_wconf 65' lang='grc' dir='ltr'><strong><em>ἔχοντα,</em></strong></span> <span class='ocrx_word' id='word_1_38' title='bbox 1348 992 1544 1083; x_wconf 90' lang='grc' dir='ltr'><strong><em>μόγις</em></strong></span> <span class='ocrx_word' id='word_1_39' title='bbox 1611 993 1884 1079; x_wconf 82' lang='grc' dir='ltr'><strong><em>ὁρῶντα,</em></strong></span> <span class='ocrx_word' id='word_1_40' title='bbox 1957 995 2229 1069; x_wconf 79' lang='grc' dir='ltr'><strong><em>οἰκέταις</em></strong></span> <span class='ocrx_word' id='word_1_41' title='bbox 2295 994 2632 1080; x_wconf 78' lang='grc' dir='ltr'><strong><em>τέτταρσιν</em></strong></span> 
     </span>
     <span class='ocr_line' id='line_1_7' title="bbox 554 1088 2631 1185; baseline 0 -22"><span class='ocrx_word' id='word_1_42' title='bbox 554 1094 1008 1183; x_wconf 75' lang='grc' dir='ltr'><strong><em>ἐπικεκυφότα,</em></strong></span> <span class='ocrx_word' id='word_1_43' title='bbox 1094 1096 1366 1185; x_wconf 78' lang='grc' dir='ltr'><strong><em>κορύζης</em></strong></span> <span class='ocrx_word' id='word_1_44' title='bbox 1434 1101 1561 1184; x_wconf 79' lang='grc' dir='ltr'><strong><em>μὲν</em></strong></span> <span class='ocrx_word' id='word_1_45' title='bbox 1628 1096 1749 1183; x_wconf 78' lang='grc' dir='ltr'><strong><em>τήν</em></strong></span> <span class='ocrx_word' id='word_1_46' title='bbox 1817 1101 1988 1183; x_wconf 85' lang='grc' dir='ltr'><strong><em>ῥῖνα,</em></strong></span> <span class='ocrx_word' id='word_1_47' title='bbox 2059 1095 2274 1184; x_wconf 88' lang='grc' dir='ltr'><strong><em>λήμης</em></strong></span> <span class='ocrx_word' id='word_1_48' title='bbox 2342 1088 2414 1164; x_wconf 81' lang='grc' dir='ltr'><strong><em>δὲ</em></strong></span> <span class='ocrx_word' id='word_1_49' title='bbox 2477 1096 2631 1172; x_wconf 84' lang='grc' dir='ltr'><strong><em>τούς</em></strong></span> 
     </span>
     <span class='ocr_line' id='line_1_8' title="bbox 555 1198 2631 1291; baseline 0.001 -26"><span class='ocrx_word' id='word_1_50' title='bbox 555 1199 949 1286; x_wconf 78' lang='grc' dir='ltr'><strong><em>ὀφθαλμοὺς</em></strong></span> <span class='ocrx_word' id='word_1_51' title='bbox 990 1200 1242 1286; x_wconf 83' lang='grc' dir='ltr'><strong><em>μεστὸν</em></strong></span> <span class='ocrx_word' id='word_1_52' title='bbox 1286 1200 1470 1282; x_wconf 84' lang='grc' dir='ltr'><strong><em>ὄντα,</em></strong></span> <span class='ocrx_word' id='word_1_53' title='bbox 1523 1201 1718 1269; x_wconf 80' lang='grc' dir='ltr'><strong><em>οὐδὲν</em></strong></span> <span class='ocrx_word' id='word_1_54' title='bbox 1762 1200 1855 1267; x_wconf 64' lang='grc' dir='ltr'><strong><em>ἔτι</em></strong></span> <span class='ocrx_word' id='word_1_55' title='bbox 1896 1199 2021 1286; x_wconf 79' lang='grc' dir='ltr'><strong><em>ήδύ</em></strong></span> <span class='ocrx_word' id='word_1_56' title='bbox 2072 1199 2289 1267; x_wconf 81' lang='grc' dir='ltr'><strong><em>εἰδότα</em></strong></span> <span class='ocrx_word' id='word_1_57' title='bbox 2334 1198 2631 1291; x_wconf 69' lang='grc' dir='ltr'><strong><em>ἔμψυχόν</em></strong></span> 
     </span>
     <span class='ocr_line' id='line_1_9' title="bbox 389 1302 2631 1394; baseline -0.002 -20"><span class='ocrx_word' id='word_1_58' title='bbox 389 1314 523 1374; x_wconf 81' lang='grc'><strong>’348</strong></span> <span class='ocrx_word' id='word_1_59' title='bbox 555 1328 705 1371; x_wconf 87' lang='grc' dir='ltr'><strong><em>τινα</em></strong></span> <span class='ocrx_word' id='word_1_60' title='bbox 769 1302 1006 1391; x_wconf 83' lang='grc' dir='ltr'><strong><em>τάφον,</em></strong></span> <span class='ocrx_word' id='word_1_61' title='bbox 1079 1303 1213 1371; x_wconf 77' lang='grc' dir='ltr'><strong><em>ὑπὸ</em></strong></span> <span class='ocrx_word' id='word_1_62' title='bbox 1280 1312 1411 1373; x_wconf 83' lang='grc' dir='ltr'><strong><em>τῶν</em></strong></span> <span class='ocrx_word' id='word_1_63' title='bbox 1475 1306 1522 1349; x_wconf 58' lang='lat'><strong><em>*³⁵</em></strong></span> <span class='ocrx_word' id='word_1_64' title='bbox 1590 1308 1752 1372; x_wconf 87' lang='grc' dir='ltr'><strong><em>νέων</em></strong></span> <span class='ocrx_word' id='word_1_65' title='bbox 1817 1302 2377 1394; x_wconf 73' lang='grc' dir='ltr'><strong><em>καταγελώμενον,</em></strong></span> <span class='ocrx_word' id='word_1_66' title='bbox 2456 1303 2631 1371; x_wconf 83' lang='grc' dir='ltr'><strong><em>ἀπο-</em></strong></span> 
     </span>
     <span class='ocr_line' id='line_1_10' title="bbox 553 1405 2623 1495; baseline 0.001 -22"><span class='ocrx_word' id='word_1_67' title='bbox 553 1405 872 1491; x_wconf 75' lang='grc' dir='ltr'><strong><em>θνήσκειν</em></strong></span> <span class='ocrx_word' id='word_1_68' title='bbox 916 1408 987 1475; x_wconf 78' lang='grc' dir='ltr'><strong><em>δὲ</em></strong></span> <span class='ocrx_word' id='word_1_69' title='bbox 1030 1410 1401 1485; x_wconf 81' lang='grc' dir='ltr'><strong><em>καλλίστους</em></strong></span> <span class='ocrx_word' id='word_1_70' title='bbox 1445 1410 1549 1475; x_wconf 79' lang='grc' dir='ltr'><strong><em>καὶ</em></strong></span> <span class='ocrx_word' id='word_1_71' title='bbox 1595 1406 2197 1495; x_wconf 82' lang='grc' dir='ltr'><strong><em>ἐρρωμενεστάτους</em></strong></span> <span class='ocrx_word' id='word_1_72' title='bbox 2228 1407 2623 1482; x_wconf 85' lang='grc' dir='ltr'><strong><em>νεανίσκους·</em></strong></span> 
     </span>
     <span class='ocr_line' id='line_1_11' title="bbox 554 1509 2629 1602; baseline 0 -26"><span class='ocrx_word' id='word_1_73' title='bbox 554 1509 688 1577; x_wconf 80' lang='grc' dir='ltr'><strong><em>ἄνω</em></strong></span> <span class='ocrx_word' id='word_1_74' title='bbox 741 1512 865 1601; x_wconf 76' lang='grc' dir='ltr'><strong><em>γάρ</em></strong></span> <span class='ocrx_word' id='word_1_75' title='bbox 926 1520 1251 1600; x_wconf 84' lang='grc' dir='ltr'><strong><em>ποταμῶν</em></strong></span> <span class='ocrx_word' id='word_1_76' title='bbox 1307 1512 1504 1581; x_wconf 86' lang='grc' dir='ltr'><strong><em>τοῦτό</em></strong></span> <span class='ocrx_word' id='word_1_77' title='bbox 1562 1536 1658 1602; x_wconf 92' lang='grc' dir='ltr'><strong><em>γε·</em></strong></span> <span class='ocrx_word' id='word_1_78' title='bbox 1729 1512 1773 1597; x_wconf 83' lang='grc' dir='ltr'><em>ἢ</em></span> <span class='ocrx_word' id='word_1_79' title='bbox 1832 1511 1910 1579; x_wconf 82' lang='grc' dir='ltr'><strong><em>τὸ</em></strong></span> <span class='ocrx_word' id='word_1_80' title='bbox 1966 1513 2335 1579; x_wconf 86' lang='grc' dir='ltr'><strong><em>τελευταῖον</em></strong></span> <span class='ocrx_word' id='word_1_81' title='bbox 2390 1511 2629 1578; x_wconf 82' lang='grc' dir='ltr'><strong><em>εἰδέναι</em></strong></span> 
     </span>
     <span class='ocr_line' id='line_1_12' title="bbox 552 1614 2628 1705; baseline -0 -24"><span class='ocrx_word' id='word_1_82' title='bbox 552 1620 761 1705; x_wconf 76' lang='grc' dir='ltr'><strong><em>ἐχρῆν,</em></strong></span> <span class='ocrx_word' id='word_1_83' title='bbox 824 1614 990 1685; x_wconf 84' lang='grc' dir='ltr'><strong><em>πότε</em></strong></span> <span class='ocrx_word' id='word_1_84' title='bbox 1045 1619 1152 1683; x_wconf 79' lang='grc' dir='ltr'><strong><em>καὶ</em></strong></span> <span class='ocrx_word' id='word_1_85' title='bbox 1209 1615 1591 1704; x_wconf 76' lang='grc' dir='ltr'><strong><em>τεθνήξεται</em></strong></span> <span class='ocrx_word' id='word_1_86' title='bbox 1634 1624 1760 1682; x_wconf 84' lang='grc' dir='ltr'><strong><em>τῶν</em></strong></span> <span class='ocrx_word' id='word_1_87' title='bbox 1804 1614 2126 1705; x_wconf 89' lang='grc' dir='ltr'><strong><em>γερόντων</em></strong></span> <span class='ocrx_word' id='word_1_88' title='bbox 2172 1623 2460 1694; x_wconf 80' lang='grc' dir='ltr'><strong><em>ἕκαστος,</em></strong></span> <span class='ocrx_word' id='word_1_89' title='bbox 2521 1621 2628 1681; x_wconf 83' lang='grc' dir='ltr'><strong><em>ἵνα</em></strong></span> 
     </span>
     <span class='ocr_line' id='line_1_13' title="bbox 414 1715 2628 1808; baseline -0.001 -22"><span class='ocrx_word' id='word_1_90' title='bbox 414 1729 518 1786; x_wconf 81' lang='grc'><strong><em>349</em></strong></span> <span class='ocrx_word' id='word_1_91' title='bbox 550 1715 650 1806; x_wconf 82' lang='grc' dir='ltr'><strong><em>μή</em></strong></span> <span class='ocrx_word' id='word_1_92' title='bbox 717 1717 940 1806; x_wconf 80' lang='grc' dir='ltr'><strong><em>μάτην</em></strong></span> <span class='ocrx_word' id='word_1_93' title='bbox 1009 1721 1095 1788; x_wconf 79' lang='grc' dir='ltr'><strong><em>ἄν</em></strong></span> <span class='ocrx_word' id='word_1_94' title='bbox 1160 1720 1369 1797; x_wconf 79' lang='grc' dir='ltr'><strong><em>ἐνίους</em></strong></span> <span class='ocrx_word' id='word_1_95' title='bbox 1435 1725 1476 1763; x_wconf 72' lang='lat'><strong><em>⁴*</em></strong></span> <span class='ocrx_word' id='word_1_96' title='bbox 1543 1719 1975 1808; x_wconf 78' lang='grc' dir='ltr'><strong><em>ἐθεράπευον.</em></strong></span> <span class='ocrx_word' id='word_1_97' title='bbox 2071 1726 2193 1788; x_wconf 85' lang='grc' dir='ltr'><strong><em>νῦν</em></strong></span> <span class='ocrx_word' id='word_1_98' title='bbox 2252 1719 2322 1786; x_wconf 79' lang='grc' dir='ltr'><strong><em>δὲ</em></strong></span> <span class='ocrx_word' id='word_1_99' title='bbox 2378 1717 2453 1786; x_wconf 82' lang='grc' dir='ltr'><strong><em>τὸ</em></strong></span> <span class='ocrx_word' id='word_1_100' title='bbox 2510 1727 2628 1804; x_wconf 85' lang='grc' dir='ltr'><strong><em>τῆς</em></strong></span> 
     </span>
    </p>
   </div>
   <div class='ocr_carea' id='block_1_3' title="bbox 553 1863 969 1874">
    <p class='ocr_par' dir='ltr' id='par_1_3' title="bbox 553 1863 969 1874">
     <span class='ocr_line' id='line_1_14' title="bbox 553 1863 969 1874; baseline 0 3367"><span class='ocrx_word' id='word_1_101' title='bbox 553 1863 969 1874; x_wconf 95' lang='lat' dir='ltr'><strong><em> </em></strong></span> 
     </span>
    </p>
   </div>
   <div class='ocr_carea' id='block_1_4' title="bbox 544 1909 2629 4418">
    <p class='ocr_par' dir='ltr' id='par_1_4' title="bbox 544 1909 2629 4418">
     <span class='ocr_line' id='line_1_15' title="bbox 553 1909 2626 1985; baseline -0 -20"><span class='ocrx_word' id='word_1_102' title='bbox 553 1909 678 1980; x_wconf 74' lang='grc' dir='ltr'><strong><em>ἑξῆς</em></strong></span> <span class='ocrx_word' id='word_1_103' title='bbox 710 1930 827 1971; x_wconf 84' lang='grc' dir='ltr'><strong><em>πως</em></strong></span> <span class='ocrx_word' id='word_1_104' title='bbox 860 1917 1148 1985; x_wconf 83' lang='grc' dir='ltr'><strong><em>γίγνεσθαι</em></strong></span> <span class='ocrx_word' id='word_1_105' title='bbox 1185 1913 1251 1980; x_wconf 65' lang='grc' dir='ltr'><strong><em>ἓῑ,</em></strong></span> <span class='ocrx_word' id='word_1_106' title='bbox 1287 1912 1414 1983; x_wconf 76' lang='grc' dir='ltr'><strong><em>ἑξῆς</em></strong></span> <span class='ocrx_word' id='word_1_107' title='bbox 1446 1933 1564 1972; x_wconf 88' lang='grc' dir='ltr'><strong><em>πως</em></strong></span> <span class='ocrx_word' id='word_1_108' title='bbox 1597 1916 1856 1983; x_wconf 79' lang='grc' dir='ltr'><strong><em>γίνεσθαι</em></strong></span> <span class='ocrx_word' id='word_1_109' title='bbox 1889 1914 2151 1967; x_wconf 77' lang='grc' dir='ltr'><em>ΒΟΨΦΩ</em></span> <span class='ocrx_word' id='word_1_110' title='bbox 2187 1915 2242 1967; x_wconf 88' lang='lat' dir='ltr'><strong><em>et</em></strong></span> <span class='ocrx_word' id='word_1_111' title='bbox 2274 1932 2322 1978; x_wconf 85' lang='lat' dir='ltr'><strong><em>v,</em></strong></span> <span class='ocrx_word' id='word_1_112' title='bbox 2369 1909 2494 1980; x_wconf 79' lang='grc' dir='ltr'><strong><em>ἑξῆς</em></strong></span> <span class='ocrx_word' id='word_1_113' title='bbox 2526 1931 2626 1965; x_wconf 86' lang='grc' dir='ltr'><strong><em>πε-</em></strong></span> 
     </span>
     <span class='ocr_line' id='line_1_16' title="bbox 554 1997 2629 2071; baseline -0 -20"><span class='ocrx_word' id='word_1_114' title='bbox 554 2001 871 2069; x_wconf 79' lang='grc' dir='ltr'><strong><em>ριγίνεσθαι</em></strong></span> <span class='ocrx_word' id='word_1_115' title='bbox 901 2006 968 2054; x_wconf 88' lang='grc' dir='ltr'><strong><em>Δ.</em></strong></span> <span class='ocrx_word' id='word_1_116' title='bbox 1122 2002 1264 2070; x_wconf 80' lang='grc' dir='ltr'><strong><em>μετὰ</em></strong></span> <span class='ocrx_word' id='word_1_117' title='bbox 1300 2000 1524 2071; x_wconf 73' lang='grc' dir='ltr'><strong><em>τοῦτον]</em></strong></span> <span class='ocrx_word' id='word_1_118' title='bbox 1562 1999 1678 2069; x_wconf 83' lang='grc' dir='ltr'><strong><em>μετ’</em></strong></span> <span class='ocrx_word' id='word_1_119' title='bbox 1721 1997 1892 2053; x_wconf 76' lang='grc' dir='ltr'><strong><em>αὐτὸν</em></strong></span> <span class='ocrx_word' id='word_1_120' title='bbox 1927 1997 1992 2057; x_wconf 67' lang='lat'><strong><em>21.</em></strong></span> <span class='ocrx_word' id='word_1_121' title='bbox 2149 1997 2297 2057; x_wconf 79' lang='grc' dir='ltr'><strong><em>ὅστις</em></strong></span> <span class='ocrx_word' id='word_1_122' title='bbox 2331 1998 2442 2067; x_wconf 81' lang='grc' dir='ltr'><strong><em>καὶ]</em></strong></span> <span class='ocrx_word' id='word_1_123' title='bbox 2482 1998 2629 2056; x_wconf 77' lang='grc' dir='ltr'><strong><em>ὅστις</em></strong></span> 
     </span>
     <span class='ocr_line' id='line_1_17' title="bbox 554 2080 2621 2160; baseline -0 -22"><span class='ocrx_word' id='word_1_124' title='bbox 554 2083 642 2139; x_wconf 76' lang='grc' dir='ltr'><strong><em>ἀεὶ</em></strong></span> <span class='ocrx_word' id='word_1_125' title='bbox 691 2086 925 2142; x_wconf 81' lang='lat' dir='ltr'><strong>Cobetus</strong></span> <span class='ocrx_word' id='word_1_126' title='bbox 960 2089 1026 2143; x_wconf 87' lang='lat' dir='ltr'><strong><em>V.</em></strong></span> <span class='ocrx_word' id='word_1_127' title='bbox 1064 2090 1125 2143; x_wconf 90' lang='lat' dir='ltr'><strong><em>L.</em></strong></span> <span class='ocrx_word' id='word_1_128' title='bbox 1172 2106 1225 2160; x_wconf 90' lang='lat' dir='ltr'><strong><em>p.</em></strong></span> <span class='ocrx_word' id='word_1_129' title='bbox 1265 2091 1386 2154; x_wconf 83' lang='lat'><strong>229,</strong></span> <span class='ocrx_word' id='word_1_130' title='bbox 1433 2089 1585 2143; x_wconf 86' lang='lat' dir='ltr'><strong>male.</strong></span> <span class='ocrx_word' id='word_1_131' title='bbox 1659 2088 1944 2142; x_wconf 82' lang='lat' dir='ltr'><strong>cohaerent</strong></span> <span class='ocrx_word' id='word_1_132' title='bbox 1987 2088 2147 2141; x_wconf 83' lang='lat' dir='ltr'><strong>verba</strong></span> <span class='ocrx_word' id='word_1_133' title='bbox 2185 2092 2279 2138; x_wconf 82' lang='grc' dir='ltr'><strong><em>καὶ</em></strong></span> <span class='ocrx_word' id='word_1_134' title='bbox 2312 2085 2380 2159; x_wconf 80' lang='grc' dir='ltr'><strong><em>τῇ</em></strong></span> <span class='ocrx_word' id='word_1_135' title='bbox 2419 2080 2621 2153; x_wconf 82' lang='grc' dir='ltr'><strong><em>ἡλικίᾳ.</em></strong></span> 
     </span>
     <span class='ocr_line' id='line_1_18' title="bbox 692 2170 2624 2244; baseline 0.001 -19"><span class='ocrx_word' id='word_1_136' title='bbox 692 2170 1173 2244; x_wconf 82' lang='grc' dir='ltr'><strong><em>ἀναστρέφεσθαι]</em></strong></span> <span class='ocrx_word' id='word_1_137' title='bbox 1211 2174 1607 2244; x_wconf 77' lang='grc' dir='ltr'><strong><em>ἀνεστράφθαι</em></strong></span> <span class='ocrx_word' id='word_1_138' title='bbox 1642 2172 1706 2232; x_wconf 66' lang='lat'><strong><em>21.</em></strong></span> <span class='ocrx_word' id='word_1_139' title='bbox 1781 2172 2256 2242; x_wconf 77' lang='grc' dir='ltr'><strong><em>ἀντιστρέφεσθαι</em></strong></span> <span class='ocrx_word' id='word_1_140' title='bbox 2290 2173 2523 2228; x_wconf 81' lang='lat' dir='ltr'><strong>Cobetus</strong></span> <span class='ocrx_word' id='word_1_141' title='bbox 2558 2174 2624 2227; x_wconf 90' lang='lat' dir='ltr'><strong><em>V.</em></strong></span> 
     </span>
     <span class='ocr_line' id='line_1_19' title="bbox 549 2257 2628 2332; baseline -0.002 -18"><span class='ocrx_word' id='word_1_142' title='bbox 549 2260 611 2314; x_wconf 85' lang='lat' dir='ltr'><strong><em>L.</em></strong></span> <span class='ocrx_word' id='word_1_143' title='bbox 648 2277 701 2330; x_wconf 87' lang='lat' dir='ltr'><strong><em>p.</em></strong></span> <span class='ocrx_word' id='word_1_144' title='bbox 741 2263 858 2326; x_wconf 86' lang='lat'>146,</span> <span class='ocrx_word' id='word_1_145' title='bbox 893 2259 1109 2318; x_wconf 70' lang='lat' dir='ltr'><strong>frustra.</strong></span> <span class='ocrx_word' id='word_1_146' title='bbox 1272 2258 1332 2315; x_wconf 77' lang='grc' dir='ltr'><strong><em>δὲ</em></strong></span> <span class='ocrx_word' id='word_1_147' title='bbox 1366 2258 1524 2330; x_wconf 83' lang='grc' dir='ltr'><strong><em>μηδ.]</em></strong></span> <span class='ocrx_word' id='word_1_148' title='bbox 1567 2257 1627 2314; x_wconf 80' lang='grc' dir='ltr'><strong><em>δὲ</em></strong></span> <span class='ocrx_word' id='word_1_149' title='bbox 1665 2278 1826 2332; x_wconf 82' lang='lat' dir='ltr'><strong>supra</strong></span> <span class='ocrx_word' id='word_1_150' title='bbox 1859 2277 1912 2314; x_wconf 90' lang='lat' dir='ltr'><strong>m</strong></span> <span class='ocrx_word' id='word_1_151' title='bbox 1947 2276 2036 2315; x_wconf 76' lang='lat' dir='ltr'><strong>sec</strong></span> <span class='ocrx_word' id='word_1_152' title='bbox 2070 2260 2129 2314; x_wconf 90' lang='lat' dir='ltr'><strong>in</strong></span> <span class='ocrx_word' id='word_1_153' title='bbox 2169 2263 2230 2313; x_wconf 92' lang='grc' dir='ltr'><strong><em>Ο.</em></strong></span> <span class='ocrx_word' id='word_1_154' title='bbox 2388 2258 2491 2326; x_wconf 87' lang='grc' dir='ltr'><strong><em>ζῆν</em></strong></span> <span class='ocrx_word' id='word_1_155' title='bbox 2524 2259 2628 2326; x_wconf 80' lang='grc' dir='ltr'><strong><em>μὲν</em></strong></span> 
     </span>
     <span class='ocr_line' id='line_1_20' title="bbox 549 2344 2625 2418; baseline 0.001 -19"><span class='ocrx_word' id='word_1_156' title='bbox 549 2344 667 2414; x_wconf 77' lang='grc' dir='ltr'><strong><em>τὸν]</em></strong></span> <span class='ocrx_word' id='word_1_157' title='bbox 706 2345 809 2414; x_wconf 85' lang='grc' dir='ltr'><strong><em>ζῆν</em></strong></span> <span class='ocrx_word' id='word_1_158' title='bbox 841 2345 942 2402; x_wconf 82' lang='grc' dir='ltr'><strong><em>τὸν</em></strong></span> <span class='ocrx_word' id='word_1_159' title='bbox 975 2348 1077 2415; x_wconf 75' lang='grc' dir='ltr'><strong><em>μέν</em></strong></span> <span class='ocrx_word' id='word_1_160' title='bbox 1120 2352 1183 2401; x_wconf 77' lang='grc' dir='ltr'><strong><em>Ψ.</em></strong></span> <span class='ocrx_word' id='word_1_161' title='bbox 1329 2348 1674 2418; x_wconf 72' lang='grc' dir='ltr'><strong><em>ὑπέργηρων]</em></strong></span> <span class='ocrx_word' id='word_1_162' title='bbox 1712 2347 2030 2416; x_wconf 80' lang='grc' dir='ltr'><strong><em>ὖπέργηρον</em></strong></span> <span class='ocrx_word' id='word_1_163' title='bbox 2051 2349 2113 2398; x_wconf 92' lang='grc' dir='ltr'><strong><em>Ο.</em></strong></span> <span class='ocrx_word' id='word_1_164' title='bbox 2260 2345 2343 2399; x_wconf 70' lang='grc' dir='ltr'><strong><em>ἔτι</em></strong></span> <span class='ocrx_word' id='word_1_165' title='bbox 2377 2344 2625 2414; x_wconf 80' lang='grc' dir='ltr'><strong><em>λοιποὺς]</em></strong></span> 
     </span>
     <span class='ocr_line' id='line_1_21' title="bbox 551 2427 2628 2503; baseline 0 -18"><span class='ocrx_word' id='word_1_166' title='bbox 551 2430 872 2491; x_wconf 72' lang='grc' dir='ltr'><strong><em>ἐπιλοίπους</em></strong></span> <span class='ocrx_word' id='word_1_167' title='bbox 904 2432 969 2499; x_wconf 68' lang='lat'><strong><em>21,</em></strong></span> <span class='ocrx_word' id='word_1_168' title='bbox 1006 2434 1089 2488; x_wconf 75' lang='grc' dir='ltr'><strong><em>ἔτι</em></strong></span> <span class='ocrx_word' id='word_1_169' title='bbox 1123 2432 1322 2489; x_wconf 86' lang='grc' dir='ltr'><strong><em>λοιπὸν</em></strong></span> <span class='ocrx_word' id='word_1_170' title='bbox 1356 2441 1420 2489; x_wconf 89' lang='grc' dir='ltr'><strong><em>Δ.</em></strong></span> <span class='ocrx_word' id='word_1_171' title='bbox 1568 2430 1828 2502; x_wconf 72' lang='grc' dir='ltr'><strong><em>οἰκέταις]</em></strong></span> <span class='ocrx_word' id='word_1_172' title='bbox 1867 2428 2104 2490; x_wconf 73' lang='grc' dir='ltr'><strong><em>οἰκέταις</em></strong></span> <span class='ocrx_word' id='word_1_173' title='bbox 2138 2452 2198 2503; x_wconf 81' lang='grc' dir='ltr'><strong><em>γε</em></strong></span> <span class='ocrx_word' id='word_1_174' title='bbox 2233 2434 2348 2496; x_wconf 89' lang='grc' dir='ltr'><strong><em>ΒΟ,</em></strong></span> <span class='ocrx_word' id='word_1_175' title='bbox 2390 2427 2628 2490; x_wconf 76' lang='grc' dir='ltr'><strong><em>οἰκέταις</em></strong></span> 
     </span>
     <span class='ocr_line' id='line_1_22' title="bbox 551 2518 2484 2593; baseline 0.001 -20"><span class='ocrx_word' id='word_1_176' title='bbox 551 2539 612 2573; x_wconf 83' lang='grc' dir='ltr'><strong><em>τε</em></strong></span> <span class='ocrx_word' id='word_1_177' title='bbox 643 2518 708 2577; x_wconf 71' lang='lat'><strong><em>21.</em></strong></span> <span class='ocrx_word' id='word_1_178' title='bbox 849 2523 1140 2593; x_wconf 80' lang='grc' dir='ltr'><strong><em>τέτταρσιν</em></strong></span> <span class='ocrx_word' id='word_1_179' title='bbox 1154 2522 1532 2583; x_wconf 78' lang='grc' dir='ltr'><strong><em>ΒΟΔΑΨΦΩ,</em></strong></span> <span class='ocrx_word' id='word_1_180' title='bbox 1565 2526 1822 2590; x_wconf 85' lang='grc' dir='ltr'><strong><em>τέταρσιν</em></strong></span> <span class='ocrx_word' id='word_1_181' title='bbox 1839 2522 1905 2586; x_wconf 90' lang='lat' dir='ltr'><strong><em>V,</em></strong></span> <span class='ocrx_word' id='word_1_182' title='bbox 1933 2523 2191 2588; x_wconf 87' lang='grc' dir='ltr'><strong><em>τέτρασιν</em></strong></span> <span class='ocrx_word' id='word_1_183' title='bbox 2218 2519 2336 2575; x_wconf 80' lang='lat' dir='ltr'><strong>edd.</strong></span> <span class='ocrx_word' id='word_1_184' title='bbox 2355 2522 2484 2575; x_wconf 83' lang='lat' dir='ltr'><strong>vett.</strong></span> 
     </span>
     <span class='ocr_line' id='line_1_23' title="bbox 552 2602 2626 2680; baseline 0.001 -18"><span class='ocrx_word' id='word_1_185' title='bbox 552 2602 716 2662; x_wconf 72' lang='grc' dir='ltr'><strong><em>οὐδὲν</em></strong></span> <span class='ocrx_word' id='word_1_186' title='bbox 744 2605 851 2677; x_wconf 78' lang='grc' dir='ltr'><strong><em>ἔτι]</em></strong></span> <span class='ocrx_word' id='word_1_187' title='bbox 870 2603 1036 2662; x_wconf 73' lang='grc' dir='ltr'><strong><em>οὐδέν</em></strong></span> <span class='ocrx_word' id='word_1_188' title='bbox 1073 2605 1160 2662; x_wconf 74' lang='grc' dir='ltr'><strong><em>ὅτι</em></strong></span> <span class='ocrx_word' id='word_1_189' title='bbox 1186 2613 1250 2662; x_wconf 78' lang='grc' dir='ltr'><strong><em>Ψ.</em></strong></span> <span class='ocrx_word' id='word_1_190' title='bbox 1372 2607 1484 2664; x_wconf 72' lang='grc' dir='ltr'><strong><em>ἅνω</em></strong></span> <span class='ocrx_word' id='word_1_191' title='bbox 1515 2608 1650 2680; x_wconf 83' lang='grc' dir='ltr'><strong><em>γὰρ]</em></strong></span> <span class='ocrx_word' id='word_1_192' title='bbox 1666 2607 1772 2679; x_wconf 80' lang='grc' dir='ltr'><strong><em>γὰρ</em></strong></span> <span class='ocrx_word' id='word_1_193' title='bbox 1804 2625 1890 2663; x_wconf 88' lang='lat' dir='ltr'><strong><em>om</em></strong></span> <span class='ocrx_word' id='word_1_194' title='bbox 1906 2604 1973 2665; x_wconf 64' lang='lat'><strong><em>21.</em></strong></span> <span class='ocrx_word' id='word_1_195' title='bbox 2101 2602 2312 2662; x_wconf 72' lang='grc' dir='ltr'><strong><em>εἰδέναι</em></strong></span> <span class='ocrx_word' id='word_1_196' title='bbox 2347 2604 2512 2677; x_wconf 73' lang='grc' dir='ltr'><strong><em>ἐχρῆν</em></strong></span> <span class='ocrx_word' id='word_1_197' title='bbox 2526 2604 2626 2665; x_wconf 56' lang='lat' dir='ltr'><strong><em>BQ</em></strong></span> 
     </span>
     <span class='ocr_line' id='line_1_24' title="bbox 552 2689 2624 2767; baseline -0.002 -17"><span class='ocrx_word' id='word_1_198' title='bbox 552 2698 607 2750; x_wconf 79' lang='lat' dir='ltr'><strong><em>et</em></strong></span> <span class='ocrx_word' id='word_1_199' title='bbox 640 2713 688 2761; x_wconf 81' lang='lat' dir='ltr'><strong><em>v,</em></strong></span> <span class='ocrx_word' id='word_1_200' title='bbox 737 2689 948 2749; x_wconf 75' lang='grc' dir='ltr'><strong><em>εἰδέναι</em></strong></span> <span class='ocrx_word' id='word_1_201' title='bbox 988 2715 1048 2765; x_wconf 83' lang='grc' dir='ltr'><strong><em>γε</em></strong></span> <span class='ocrx_word' id='word_1_202' title='bbox 1087 2694 1251 2767; x_wconf 77' lang='grc' dir='ltr'><strong><em>ἐχρῆν</em></strong></span> <span class='ocrx_word' id='word_1_203' title='bbox 1292 2700 1336 2749; x_wconf 90' lang='grc'><em>0</em></span> <span class='ocrx_word' id='word_1_204' title='bbox 1373 2698 1473 2766; x_wconf 81' lang='lat' dir='ltr'><strong>(ita</strong></span> <span class='ocrx_word' id='word_1_205' title='bbox 1509 2695 1577 2766; x_wconf 89' lang='lat'><strong><em>0)</em></strong></span> <span class='ocrx_word' id='word_1_206' title='bbox 1622 2698 1736 2759; x_wconf 76' lang='grc' dir='ltr'><strong><em>ΨΩ,</em></strong></span> <span class='ocrx_word' id='word_1_207' title='bbox 1788 2691 2000 2748; x_wconf 80' lang='grc' dir='ltr'><strong><em>εἰδέναι</em></strong></span> <span class='ocrx_word' id='word_1_208' title='bbox 2045 2692 2087 2764; x_wconf 80' lang='grc' dir='ltr'><strong><em>γ’</em></strong></span> <span class='ocrx_word' id='word_1_209' title='bbox 2140 2693 2304 2764; x_wconf 79' lang='grc' dir='ltr'><strong><em>ἐχρῆν</em></strong></span> <span class='ocrx_word' id='word_1_210' title='bbox 2342 2698 2410 2746; x_wconf 86' lang='grc' dir='ltr'><strong><em>Φ.</em></strong></span> <span class='ocrx_word' id='word_1_211' title='bbox 2483 2692 2523 2761; x_wconf 77' lang='grc' dir='ltr'><em>ἢ</em></span> <span class='ocrx_word' id='word_1_212' title='bbox 2556 2722 2624 2732; x_wconf 93' lang='grc'>-</span> 
     </span>
     <span class='ocr_line' id='line_1_25' title="bbox 548 2777 2625 2855; baseline -0.002 -19"><span class='ocrx_word' id='word_1_213' title='bbox 548 2783 610 2851; x_wconf 80' lang='grc' dir='ltr'><strong><em>γέ</em></strong></span> <span class='ocrx_word' id='word_1_214' title='bbox 644 2782 735 2836; x_wconf 84' lang='grc'><strong>1119</strong></span> <span class='ocrx_word' id='word_1_215' title='bbox 767 2799 875 2837; x_wconf 83' lang='grc'><strong>11911</strong></span> <span class='ocrx_word' id='word_1_216' title='bbox 907 2783 1084 2837; x_wconf 86' lang='lat' dir='ltr'><strong>minus</strong></span> <span class='ocrx_word' id='word_1_217' title='bbox 1120 2785 1302 2854; x_wconf 82' lang='lat' dir='ltr'><strong>aptum</strong></span> <span class='ocrx_word' id='word_1_218' title='bbox 1337 2787 1422 2839; x_wconf 88' lang='lat' dir='ltr'><strong><em>est</em></strong></span> <span class='ocrx_word' id='word_1_219' title='bbox 1455 2801 1613 2855; x_wconf 86' lang='lat' dir='ltr'><strong>quam</strong></span> <span class='ocrx_word' id='word_1_220' title='bbox 1647 2784 1706 2838; x_wconf 92' lang='lat' dir='ltr'><strong>in</strong></span> <span class='ocrx_word' id='word_1_221' title='bbox 1739 2783 1898 2838; x_wconf 86' lang='lat' dir='ltr'><strong>Rhet.</strong></span> <span class='ocrx_word' id='word_1_222' title='bbox 1934 2782 2116 2837; x_wconf 85' lang='lat' dir='ltr'><strong>Praec.</strong></span> <span class='ocrx_word' id='word_1_223' title='bbox 2153 2784 2239 2838; x_wconf 86' lang='lat'><strong><em>23.</em></strong></span> <span class='ocrx_word' id='word_1_224' title='bbox 2314 2783 2371 2835; x_wconf 90' lang='lat' dir='ltr'><strong><em>at</em></strong></span> <span class='ocrx_word' id='word_1_225' title='bbox 2403 2781 2458 2836; x_wconf 92' lang='lat' dir='ltr'><strong><em>h.</em></strong></span> <span class='ocrx_word' id='word_1_226' title='bbox 2490 2777 2526 2836; x_wconf 94' lang='lat' dir='ltr'><strong><em>l.</em></strong></span> <span class='ocrx_word' id='word_1_227' title='bbox 2563 2782 2625 2850; x_wconf 81' lang='grc' dir='ltr'><strong><em>γέ</em></strong></span> 
     </span>
     <span class='ocr_line' id='line_1_26' title="bbox 547 2866 2624 2938; baseline -0 -16"><span class='ocrx_word' id='word_1_228' title='bbox 547 2868 703 2923; x_wconf 88' lang='lat' dir='ltr'><strong>modo</strong></span> <span class='ocrx_word' id='word_1_229' title='bbox 725 2869 1041 2938; x_wconf 69' lang='lat' dir='ltr'><strong>praecessit.</strong></span> <span class='ocrx_word' id='word_1_230' title='bbox 1114 2869 1241 2924; x_wconf 87' lang='grc'><strong>111119</strong></span> <span class='ocrx_word' id='word_1_231' title='bbox 1274 2871 1367 2926; x_wconf 89' lang='grc'><strong>1119</strong></span> <span class='ocrx_word' id='word_1_232' title='bbox 1403 2887 1564 2926; x_wconf 86' lang='lat' dir='ltr'><strong>error.</strong></span> <span class='ocrx_word' id='word_1_233' title='bbox 1706 2867 1888 2937; x_wconf 81' lang='grc' dir='ltr'><strong><em>μάτην</em></strong></span> <span class='ocrx_word' id='word_1_234' title='bbox 1927 2866 2016 2937; x_wconf 75' lang='grc' dir='ltr'><strong><em>ἂν]</em></strong></span> <span class='ocrx_word' id='word_1_235' title='bbox 2055 2866 2123 2921; x_wconf 74' lang='grc' dir='ltr'><strong><em>ἄν</em></strong></span> <span class='ocrx_word' id='word_1_236' title='bbox 2157 2868 2368 2924; x_wconf 87' lang='lat' dir='ltr'><strong>delebat</strong></span> <span class='ocrx_word' id='word_1_237' title='bbox 2390 2866 2624 2923; x_wconf 83' lang='lat' dir='ltr'><strong>Cobetus</strong></span> 
     </span>
     <span class='ocr_line' id='line_1_27' title="bbox 551 2952 2624 3027; baseline -0.001 -17"><span class='ocrx_word' id='word_1_238' title='bbox 551 2954 696 3011; x_wconf 85' lang='lat' dir='ltr'><strong>Orat.</strong></span> <span class='ocrx_word' id='word_1_239' title='bbox 733 2973 787 3027; x_wconf 88' lang='lat' dir='ltr'><strong><em>p.</em></strong></span> <span class='ocrx_word' id='word_1_240' title='bbox 827 2958 927 3014; x_wconf 90' lang='grc'><strong><em>101</em></strong></span> <span class='ocrx_word' id='word_1_241' title='bbox 964 2958 1020 3010; x_wconf 88' lang='lat' dir='ltr'><strong><em>et</em></strong></span> <span class='ocrx_word' id='word_1_242' title='bbox 1053 2956 1118 3010; x_wconf 91' lang='lat' dir='ltr'><strong>V.</strong></span> <span class='ocrx_word' id='word_1_243' title='bbox 1154 2957 1217 3012; x_wconf 90' lang='lat' dir='ltr'><strong>L.</strong></span> <span class='ocrx_word' id='word_1_244' title='bbox 1252 2974 1305 3027; x_wconf 88' lang='lat' dir='ltr'><strong><em>p.</em></strong></span> <span class='ocrx_word' id='word_1_245' title='bbox 1348 2960 1463 3024; x_wconf 86' lang='lat'><strong>103,</strong></span> <span class='ocrx_word' id='word_1_246' title='bbox 1497 2957 1713 3011; x_wconf 85' lang='lat' dir='ltr'><strong>frustra.</strong></span> <span class='ocrx_word' id='word_1_247' title='bbox 1852 2953 2115 3012; x_wconf 77' lang='grc' dir='ltr'><strong><em>πολλάκις</em></strong></span> <span class='ocrx_word' id='word_1_248' title='bbox 2154 2952 2440 3011; x_wconf 61' lang='grc' dir='ltr'><strong><em>ἐλαύνειὲῐ</em></strong></span> <span class='ocrx_word' id='word_1_249' title='bbox 2461 2954 2624 3020; x_wconf 86' lang='lat' dir='ltr'><strong>solus,</strong></span> 
     </span>
     <span class='ocr_line' id='line_1_28' title="bbox 548 3039 2624 3113; baseline 0.001 -17"><span class='ocrx_word' id='word_1_250' title='bbox 548 3039 812 3099; x_wconf 78' lang='grc' dir='ltr'><strong><em>πολλάκις</em></strong></span> <span class='ocrx_word' id='word_1_251' title='bbox 848 3040 1076 3112; x_wconf 75' lang='grc' dir='ltr'><strong><em>ἐκφέρει</em></strong></span> <span class='ocrx_word' id='word_1_252' title='bbox 1106 3043 1367 3097; x_wconf 77' lang='grc' dir='ltr'><em>ΒΟΨΦΩ</em></span> <span class='ocrx_word' id='word_1_253' title='bbox 1402 3043 1643 3113; x_wconf 83' lang='lat' dir='ltr'><strong>(diserte)</strong></span> <span class='ocrx_word' id='word_1_254' title='bbox 1681 3046 1738 3098; x_wconf 82' lang='lat' dir='ltr'><strong><em>et</em></strong></span> <span class='ocrx_word' id='word_1_255' title='bbox 1769 3063 1802 3099; x_wconf 83' lang='lat' dir='ltr'>v</span> <span class='ocrx_word' id='word_1_256' title='bbox 1838 3061 1959 3098; x_wconf 82' lang='lat' dir='ltr'><strong><em>cum</em></strong></span> <span class='ocrx_word' id='word_1_257' title='bbox 1976 3043 2208 3098; x_wconf 77' lang='lat' dir='ltr'><strong>Maoario</strong></span> <span class='ocrx_word' id='word_1_258' title='bbox 2224 3042 2320 3109; x_wconf 88' lang='lat' dir='ltr'><strong><em>IV,</em></strong></span> <span class='ocrx_word' id='word_1_259' title='bbox 2356 3044 2425 3098; x_wconf 84' lang='lat'><strong><em>33</em></strong></span> <span class='ocrx_word' id='word_1_260' title='bbox 2445 3059 2498 3112; x_wconf 87' lang='lat' dir='ltr'><strong><em>p.</em></strong></span> <span class='ocrx_word' id='word_1_261' title='bbox 2522 3044 2624 3099; x_wconf 83' lang='lat'><strong><em>170</em></strong></span> 
     </span>
     <span class='ocr_line' id='line_1_29' title="bbox 550 3129 2623 3200; baseline -0 -17"><span class='ocrx_word' id='word_1_262' title='bbox 550 3129 629 3184; x_wconf 88' lang='lat' dir='ltr'><strong><em>ed.</em></strong></span> <span class='ocrx_word' id='word_1_263' title='bbox 666 3130 728 3183; x_wconf 92' lang='lat' dir='ltr'><strong>L.</strong></span> <span class='ocrx_word' id='word_1_264' title='bbox 765 3129 1203 3184; x_wconf 88' lang='lat' dir='ltr'><strong>Hemsterhusius</strong></span> <span class='ocrx_word' id='word_1_265' title='bbox 1251 3147 1414 3200; x_wconf 87' lang='lat' dir='ltr'><strong>quum</strong></span> <span class='ocrx_word' id='word_1_266' title='bbox 1450 3130 1678 3200; x_wconf 79' lang='grc' dir='ltr'><strong><em>ἐκφέρει</em></strong></span> <span class='ocrx_word' id='word_1_267' title='bbox 1723 3130 1998 3186; x_wconf 87' lang='lat' dir='ltr'><strong>ferendum</strong></span> <span class='ocrx_word' id='word_1_268' title='bbox 2031 3147 2148 3185; x_wconf 90' lang='lat' dir='ltr'><strong>esse</strong></span> <span class='ocrx_word' id='word_1_269' title='bbox 2181 3132 2327 3185; x_wconf 79' lang='lat' dir='ltr'><strong>recte</strong></span> <span class='ocrx_word' id='word_1_270' title='bbox 2359 3132 2623 3198; x_wconf 77' lang='lat' dir='ltr'><strong>negasset,</strong></span> 
     </span>
     <span class='ocr_line' id='line_1_30' title="bbox 550 3211 2624 3288; baseline -0.001 -17"><span class='ocrx_word' id='word_1_271' title='bbox 550 3215 709 3271; x_wconf 87' lang='lat' dir='ltr'><strong>verba</strong></span> <span class='ocrx_word' id='word_1_272' title='bbox 740 3211 1003 3273; x_wconf 75' lang='grc' dir='ltr'><strong><em>πολλάκις</em></strong></span> <span class='ocrx_word' id='word_1_273' title='bbox 1040 3213 1265 3284; x_wconf 77' lang='grc' dir='ltr'><strong><em>ἐκφέρει</em></strong></span> <span class='ocrx_word' id='word_1_274' title='bbox 1300 3216 1474 3272; x_wconf 84' lang='lat' dir='ltr'><strong>deleta</strong></span> <span class='ocrx_word' id='word_1_275' title='bbox 1505 3218 1701 3273; x_wconf 84' lang='lat' dir='ltr'><strong>voluit:</strong></span> <span class='ocrx_word' id='word_1_276' title='bbox 1750 3234 1908 3288; x_wconf 87' lang='lat' dir='ltr'><strong>quam</strong></span> <span class='ocrx_word' id='word_1_277' title='bbox 1942 3217 2241 3287; x_wconf 79' lang='lat' dir='ltr'>opinionem</span> <span class='ocrx_word' id='word_1_278' title='bbox 2275 3219 2331 3271; x_wconf 85' lang='lat' dir='ltr'><strong><em>et</em></strong></span> <span class='ocrx_word' id='word_1_279' title='bbox 2365 3232 2462 3284; x_wconf 88' lang='lat' dir='ltr'><strong><em>ego</em></strong></span> <span class='ocrx_word' id='word_1_280' title='bbox 2498 3216 2624 3270; x_wconf 92' lang='lat' dir='ltr'><strong>olim</strong></span> 
     </span>
     <span class='ocr_line' id='line_1_31' title="bbox 551 3301 2622 3375; baseline -0.001 -17"><span class='ocrx_word' id='word_1_281' title='bbox 551 3305 607 3358; x_wconf 91' lang='lat' dir='ltr'><strong><em>et</em></strong></span> <span class='ocrx_word' id='word_1_282' title='bbox 638 3301 733 3356; x_wconf 86' lang='lat' dir='ltr'><strong>alii</strong></span> <span class='ocrx_word' id='word_1_283' title='bbox 769 3301 849 3370; x_wconf 88' lang='lat' dir='ltr'><strong>(in</strong></span> <span class='ocrx_word' id='word_1_284' title='bbox 879 3301 966 3356; x_wconf 91' lang='lat' dir='ltr'><strong><em>his</em></strong></span> <span class='ocrx_word' id='word_1_285' title='bbox 1003 3302 1238 3357; x_wconf 84' lang='lat' dir='ltr'><strong>Gobetus</strong></span> <span class='ocrx_word' id='word_1_286' title='bbox 1273 3305 1339 3359; x_wconf 89' lang='lat' dir='ltr'><strong>V.</strong></span> <span class='ocrx_word' id='word_1_287' title='bbox 1378 3306 1439 3359; x_wconf 91' lang='lat' dir='ltr'><strong><em>L.</em></strong></span> <span class='ocrx_word' id='word_1_288' title='bbox 1475 3321 1528 3375; x_wconf 87' lang='lat' dir='ltr'><strong><em>p.</em></strong></span> <span class='ocrx_word' id='word_1_289' title='bbox 1549 3303 1676 3372; x_wconf 84' lang='lat'>295)</span> <span class='ocrx_word' id='word_1_290' title='bbox 1712 3303 2175 3374; x_wconf 80' lang='lat' dir='ltr'><strong>comprobavimus,</strong></span> <span class='ocrx_word' id='word_1_291' title='bbox 2248 3304 2306 3357; x_wconf 89' lang='lat' dir='ltr'><strong><em>at</em></strong></span> <span class='ocrx_word' id='word_1_292' title='bbox 2332 3302 2491 3357; x_wconf 87' lang='lat' dir='ltr'><strong>hodie</strong></span> <span class='ocrx_word' id='word_1_293' title='bbox 2524 3302 2622 3356; x_wconf 87' lang='lat' dir='ltr'><strong>ali-</strong></span> 
     </span>
     <span class='ocr_line' id='line_1_32' title="bbox 549 3386 2621 3461; baseline 0 -17"><span class='ocrx_word' id='word_1_294' title='bbox 549 3393 634 3444; x_wconf 84' lang='lat' dir='ltr'><strong><em>ter</em></strong></span> <span class='ocrx_word' id='word_1_295' title='bbox 667 3389 854 3443; x_wconf 88' lang='lat' dir='ltr'><strong>sentio.</strong></span> <span class='ocrx_word' id='word_1_296' title='bbox 923 3404 1047 3442; x_wconf 76' lang='lat' dir='ltr'><strong><em>nam</em></strong></span> <span class='ocrx_word' id='word_1_297' title='bbox 1080 3407 1127 3444; x_wconf 85' lang='lat' dir='ltr'><strong><em>v.</em></strong></span> <span class='ocrx_word' id='word_1_298' title='bbox 1163 3386 1426 3448; x_wconf 74' lang='grc' dir='ltr'><strong><em>πολλάκις</em></strong></span> <span class='ocrx_word' id='word_1_299' title='bbox 1469 3408 1642 3461; x_wconf 89' lang='lat' dir='ltr'><strong>neque</strong></span> <span class='ocrx_word' id='word_1_300' title='bbox 1686 3390 1755 3445; x_wconf 82' lang='lat' dir='ltr'><strong><em>ad</em></strong></span> <span class='ocrx_word' id='word_1_301' title='bbox 1799 3390 2135 3461; x_wconf 83' lang='lat' dir='ltr'><strong>proverbium</strong></span> <span class='ocrx_word' id='word_1_302' title='bbox 2179 3390 2357 3461; x_wconf 89' lang='lat' dir='ltr'><strong>ipsum</strong></span> <span class='ocrx_word' id='word_1_303' title='bbox 2395 3389 2482 3458; x_wconf 88' lang='lat' dir='ltr'><strong><em>(de</em></strong></span> <span class='ocrx_word' id='word_1_304' title='bbox 2518 3406 2621 3459; x_wconf 86' lang='lat' dir='ltr'><strong><em>quo</em></strong></span> 
     </span>
     <span class='ocr_line' id='line_1_33' title="bbox 548 3475 2621 3548; baseline -0 -17"><span class='ocrx_word' id='word_1_305' title='bbox 548 3475 669 3531; x_wconf 85' lang='lat' dir='ltr'><strong>vide</strong></span> <span class='ocrx_word' id='word_1_306' title='bbox 703 3475 1091 3544; x_wconf 85' lang='lat' dir='ltr'><strong>Diogenianum</strong></span> <span class='ocrx_word' id='word_1_307' title='bbox 1123 3476 1229 3543; x_wconf 91' lang='grc' dir='ltr'><strong><em>ΙΠ,</em></strong></span> <span class='ocrx_word' id='word_1_308' title='bbox 1264 3481 1333 3536; x_wconf 86' lang='grc'><strong><em>30</em></strong></span> <span class='ocrx_word' id='word_1_309' title='bbox 1366 3495 1418 3548; x_wconf 89' lang='lat' dir='ltr'><strong><em>p.</em></strong></span> <span class='ocrx_word' id='word_1_310' title='bbox 1457 3476 1583 3545; x_wconf 85' lang='lat'>219)</span> <span class='ocrx_word' id='word_1_311' title='bbox 1629 3478 1864 3547; x_wconf 75' lang='lat' dir='ltr'><strong>pertinet</strong></span> <span class='ocrx_word' id='word_1_312' title='bbox 1908 3480 1965 3531; x_wconf 87' lang='lat' dir='ltr'><strong><em>et</em></strong></span> <span class='ocrx_word' id='word_1_313' title='bbox 2010 3476 2269 3546; x_wconf 83' lang='lat' dir='ltr'><strong>ejusmodi</strong></span> <span class='ocrx_word' id='word_1_314' title='bbox 2305 3478 2404 3542; x_wconf 87' lang='lat' dir='ltr'><strong>est,</strong></span> <span class='ocrx_word' id='word_1_315' title='bbox 2450 3478 2514 3530; x_wconf 89' lang='lat' dir='ltr'><strong><em>ut</em></strong></span> <span class='ocrx_word' id='word_1_316' title='bbox 2560 3492 2621 3530; x_wconf 91' lang='lat' dir='ltr'><strong><em>eo</em></strong></span> 
     </span>
     <span class='ocr_line' id='line_1_34' title="bbox 547 3558 2623 3638; baseline 0 -22"><span class='ocrx_word' id='word_1_317' title='bbox 547 3563 633 3617; x_wconf 84' lang='lat' dir='ltr'><strong><em>vel</em></strong></span> <span class='ocrx_word' id='word_1_318' title='bbox 667 3563 734 3617; x_wconf 91' lang='lat' dir='ltr'><strong><em>ob</em></strong></span> <span class='ocrx_word' id='word_1_319' title='bbox 768 3562 904 3616; x_wconf 85' lang='lat' dir='ltr'><strong>illud</strong></span> <span class='ocrx_word' id='word_1_320' title='bbox 937 3561 1035 3614; x_wconf 76' lang='grc' dir='ltr'><strong><em>νῦν</em></strong></span> <span class='ocrx_word' id='word_1_321' title='bbox 1072 3558 1151 3626; x_wconf 84' lang='grc' dir='ltr'><strong><em>δέ,</em></strong></span> <span class='ocrx_word' id='word_1_322' title='bbox 1193 3563 1334 3633; x_wconf 87' lang='lat' dir='ltr'><strong>quod</strong></span> <span class='ocrx_word' id='word_1_323' title='bbox 1366 3565 1602 3638; x_wconf 81' lang='lat' dir='ltr'><strong>logicum</strong></span> <span class='ocrx_word' id='word_1_324' title='bbox 1636 3567 1720 3619; x_wconf 92' lang='lat' dir='ltr'><strong><em>est</em></strong></span> <span class='ocrx_word' id='word_1_325' title='bbox 1753 3581 1859 3618; x_wconf 89' lang='grc'><strong>11911</strong></span> <span class='ocrx_word' id='word_1_326' title='bbox 1884 3564 2189 3633; x_wconf 82' lang='lat' dir='ltr'><strong>temporale,</strong></span> <span class='ocrx_word' id='word_1_327' title='bbox 2223 3563 2364 3618; x_wconf 80' lang='lat' dir='ltr'>nihil</span> <span class='ocrx_word' id='word_1_328' title='bbox 2398 3562 2623 3633; x_wconf 81' lang='lat' dir='ltr'><strong>eogitari</strong></span> 
     </span>
     <span class='ocr_line' id='line_1_35' title="bbox 548 3648 2618 3721; baseline 0 -17"><span class='ocrx_word' id='word_1_329' title='bbox 548 3649 724 3720; x_wconf 85' lang='lat' dir='ltr'><strong><em>possit</em></strong></span> <span class='ocrx_word' id='word_1_330' title='bbox 757 3649 952 3719; x_wconf 81' lang='lat' dir='ltr'><strong>aptius.</strong></span> <span class='ocrx_word' id='word_1_331' title='bbox 1024 3666 1149 3719; x_wconf 86' lang='lat' dir='ltr'><strong>ergo</strong></span> <span class='ocrx_word' id='word_1_332' title='bbox 1184 3667 1347 3721; x_wconf 87' lang='lat' dir='ltr'><strong>quum</strong></span> <span class='ocrx_word' id='word_1_333' title='bbox 1392 3648 1657 3709; x_wconf 82' lang='grc' dir='ltr'><strong><em>πολλάκις</em></strong></span> <span class='ocrx_word' id='word_1_334' title='bbox 1702 3651 1867 3707; x_wconf 85' lang='lat' dir='ltr'><strong>deleri</strong></span> <span class='ocrx_word' id='word_1_335' title='bbox 1911 3654 2154 3721; x_wconf 85' lang='lat' dir='ltr'><strong>nequeat,</strong></span> <span class='ocrx_word' id='word_1_336' title='bbox 2201 3651 2445 3721; x_wconf 83' lang='lat' dir='ltr'><strong>sequitur</strong></span> <span class='ocrx_word' id='word_1_337' title='bbox 2489 3650 2544 3705; x_wconf 93' lang='lat' dir='ltr'><strong><em>h.</em></strong></span> <span class='ocrx_word' id='word_1_338' title='bbox 2580 3649 2618 3705; x_wconf 96' lang='lat' dir='ltr'><strong><em>l.</em></strong></span> 
     </span>
     <span class='ocr_line' id='line_1_36' title="bbox 550 3735 2620 3809; baseline -0 -19"><span class='ocrx_word' id='word_1_339' title='bbox 550 3736 761 3790; x_wconf 90' lang='lat' dir='ltr'><strong>omnino</strong></span> <span class='ocrx_word' id='word_1_340' title='bbox 806 3735 946 3790; x_wconf 88' lang='lat' dir='ltr'><strong>nihil</strong></span> <span class='ocrx_word' id='word_1_341' title='bbox 989 3736 1152 3791; x_wconf 80' lang='lat' dir='ltr'><strong>deleri</strong></span> <span class='ocrx_word' id='word_1_342' title='bbox 1197 3754 1369 3807; x_wconf 89' lang='lat' dir='ltr'><strong>posse.</strong></span> <span class='ocrx_word' id='word_1_343' title='bbox 1439 3740 1600 3794; x_wconf 92' lang='lat' dir='ltr'><strong>immo</strong></span> <span class='ocrx_word' id='word_1_344' title='bbox 1644 3742 1700 3794; x_wconf 91' lang='lat' dir='ltr'><strong><em>et</em></strong></span> <span class='ocrx_word' id='word_1_345' title='bbox 1749 3735 1966 3792; x_wconf 76' lang='grc' dir='ltr'><strong><em>ἐλαύνει</em></strong></span> <span class='ocrx_word' id='word_1_346' title='bbox 2007 3737 2258 3792; x_wconf 74' lang='lat' dir='ltr'><strong>audacter</strong></span> <span class='ocrx_word' id='word_1_347' title='bbox 2292 3741 2349 3792; x_wconf 91' lang='lat' dir='ltr'><strong><em>et</em></strong></span> <span class='ocrx_word' id='word_1_348' title='bbox 2395 3736 2620 3809; x_wconf 77' lang='grc' dir='ltr'><strong><em>ἐκφέρει</em></strong></span> 
     </span>
     <span class='ocr_line' id='line_1_37' title="bbox 546 3821 2613 3898; baseline -0 -21"><span class='ocrx_word' id='word_1_349' title='bbox 546 3824 719 3878; x_wconf 86' lang='lat' dir='ltr'><strong>lenius</strong></span> <span class='ocrx_word' id='word_1_350' title='bbox 778 3821 1073 3893; x_wconf 78' lang='lat' dir='ltr'><strong>conjectum</strong></span> <span class='ocrx_word' id='word_1_351' title='bbox 1132 3828 1230 3890; x_wconf 88' lang='lat' dir='ltr'><strong>est,</strong></span> <span class='ocrx_word' id='word_1_352' title='bbox 1281 3829 1567 3898; x_wconf 86' lang='lat' dir='ltr'><strong>utrumque</strong></span> <span class='ocrx_word' id='word_1_353' title='bbox 1610 3826 1746 3892; x_wconf 89' lang='lat' dir='ltr'><strong>ideo,</strong></span> <span class='ocrx_word' id='word_1_354' title='bbox 1800 3828 1864 3880; x_wconf 82' lang='lat' dir='ltr'><strong><em>ut</em></strong></span> <span class='ocrx_word' id='word_1_355' title='bbox 1909 3824 2032 3879; x_wconf 88' lang='lat' dir='ltr'><strong>inde</strong></span> <span class='ocrx_word' id='word_1_356' title='bbox 2080 3825 2411 3880; x_wconf 78' lang='lat' dir='ltr'><strong>accusativus</strong></span> <span class='ocrx_word' id='word_1_357' title='bbox 2458 3844 2508 3878; x_wconf 77' lang='grc' dir='ltr'><strong><em>τ.</em></strong></span> <span class='ocrx_word' id='word_1_358' title='bbox 2560 3828 2613 3893; x_wconf 79' lang='grc' dir='ltr'><strong><em>β.</em></strong></span> 
     </span>
     <span class='ocr_line' id='line_1_38' title="bbox 546 3909 2617 3981; baseline -0 -18"><span class='ocrx_word' id='word_1_359' title='bbox 546 3909 776 3979; x_wconf 87' lang='lat' dir='ltr'><strong>pendere</strong></span> <span class='ocrx_word' id='word_1_360' title='bbox 807 3913 1005 3979; x_wconf 84' lang='lat' dir='ltr'><strong>posset.</strong></span> <span class='ocrx_word' id='word_1_361' title='bbox 1075 3913 1139 3965; x_wconf 89' lang='lat' dir='ltr'><strong><em>ut</em></strong></span> <span class='ocrx_word' id='word_1_362' title='bbox 1171 3912 1340 3981; x_wconf 88' lang='lat' dir='ltr'><strong>igitur</strong></span> <span class='ocrx_word' id='word_1_363' title='bbox 1382 3914 1441 3967; x_wconf 88' lang='lat' dir='ltr'><strong>in</strong></span> <span class='ocrx_word' id='word_1_364' title='bbox 1483 3914 1548 3968; x_wconf 91' lang='lat' dir='ltr'><strong><em>D.</em></strong></span> <span class='ocrx_word' id='word_1_365' title='bbox 1588 3913 1747 3967; x_wconf 80' lang='lat' dir='ltr'><strong>Mort.</strong></span> <span class='ocrx_word' id='word_1_366' title='bbox 1783 3912 1829 3978; x_wconf 87' lang='lat'><strong><em>1,</em></strong></span> <span class='ocrx_word' id='word_1_367' title='bbox 1863 3914 1897 3966; x_wconf 83' lang='lat'><strong>3</strong></span> <span class='ocrx_word' id='word_1_368' title='bbox 1944 3927 2040 3981; x_wconf 89' lang='lat' dir='ltr'><strong><em>pro</em></strong></span> <span class='ocrx_word' id='word_1_369' title='bbox 2073 3911 2323 3980; x_wconf 87' lang='lat' dir='ltr'><strong>genuinis</strong></span> <span class='ocrx_word' id='word_1_370' title='bbox 2357 3914 2460 3981; x_wconf 88' lang='grc' dir='ltr'><strong><em>μία</em></strong></span> <span class='ocrx_word' id='word_1_371' title='bbox 2494 3909 2617 3964; x_wconf 63' lang='lat' dir='ltr'><strong><em>Mh-</em></strong></span> 
     </span>
     <span class='ocr_line' id='line_1_39' title="bbox 547 3995 2621 4068; baseline 0.003 -20"><span class='ocrx_word' id='word_1_372' title='bbox 547 4014 709 4052; x_wconf 77' lang='grc' dir='ltr'><strong><em>κονος</em></strong></span> <span class='ocrx_word' id='word_1_373' title='bbox 739 3995 943 4051; x_wconf 86' lang='lat' dir='ltr'><strong>similes</strong></span> <span class='ocrx_word' id='word_1_374' title='bbox 976 3997 1162 4053; x_wconf 88' lang='lat' dir='ltr'><strong>literae</strong></span> <span class='ocrx_word' id='word_1_375' title='bbox 1195 4001 1298 4067; x_wconf 92' lang='grc' dir='ltr'><strong><em>μία</em></strong></span> <span class='ocrx_word' id='word_1_376' title='bbox 1332 3998 1467 4067; x_wconf 81' lang='grc' dir='ltr'><strong><em>ἡμῖν</em></strong></span> <span class='ocrx_word' id='word_1_377' title='bbox 1501 3996 1653 4055; x_wconf 75' lang='grc' dir='ltr'><strong><em>κόνις</em></strong></span> <span class='ocrx_word' id='word_1_378' title='bbox 1696 4000 1755 4053; x_wconf 90' lang='grc'><strong><em>111</em></strong></span> <span class='ocrx_word' id='word_1_379' title='bbox 1802 3999 2000 4053; x_wconf 90' lang='lat' dir='ltr'><strong>eisdem</strong></span> <span class='ocrx_word' id='word_1_380' title='bbox 2033 3998 2185 4054; x_wconf 82' lang='lat' dir='ltr'><strong>eodd.</strong></span> <span class='ocrx_word' id='word_1_381' title='bbox 2218 3999 2495 4068; x_wconf 83' lang='lat' dir='ltr'><strong>leguntur:</strong></span> <span class='ocrx_word' id='word_1_382' title='bbox 2542 4000 2621 4054; x_wconf 88' lang='lat' dir='ltr'><strong>ita</strong></span> 
     </span>
     <span class='ocr_line' id='line_1_40' title="bbox 546 4083 2621 4156; baseline 0.001 -18"><span class='ocrx_word' id='word_1_383' title='bbox 546 4083 637 4138; x_wconf 86' lang='grc'><strong>1119</strong></span> <span class='ocrx_word' id='word_1_384' title='bbox 671 4098 881 4153; x_wconf 88' lang='lat' dir='ltr'><strong>quoque</strong></span> <span class='ocrx_word' id='word_1_385' title='bbox 924 4084 983 4137; x_wconf 91' lang='lat' dir='ltr'><strong>in</strong></span> <span class='ocrx_word' id='word_1_386' title='bbox 1028 4087 1240 4140; x_wconf 83' lang='lat' dir='ltr'><strong>vetusta</strong></span> <span class='ocrx_word' id='word_1_387' title='bbox 1284 4086 1551 4156; x_wconf 80' lang='lat' dir='ltr'><strong>scriptura</strong></span> <span class='ocrx_word' id='word_1_388' title='bbox 1594 4085 1905 4154; x_wconf 75' lang='lat' dir='ltr'><strong>conjectoris</strong></span> <span class='ocrx_word' id='word_1_389' title='bbox 1955 4083 2184 4155; x_wconf 79' lang='grc' dir='ltr'><strong><em>ἐκφέρει</em></strong></span> <span class='ocrx_word' id='word_1_390' title='bbox 2228 4088 2446 4142; x_wconf 83' lang='lat' dir='ltr'><strong>verbum</strong></span> <span class='ocrx_word' id='word_1_391' title='bbox 2487 4087 2621 4141; x_wconf 80' lang='lat' dir='ltr'><strong>latet</strong></span> 
     </span>
     <span class='ocr_line' id='line_1_41' title="bbox 546 4168 2617 4243; baseline 0.001 -19"><span class='ocrx_word' id='word_1_392' title='bbox 546 4168 615 4224; x_wconf 86' lang='lat' dir='ltr'><strong><em>ad</em></strong></span> <span class='ocrx_word' id='word_1_393' title='bbox 648 4169 825 4239; x_wconf 78' lang='lat' dir='ltr'><strong>apices</strong></span> <span class='ocrx_word' id='word_1_394' title='bbox 860 4171 917 4224; x_wconf 89' lang='lat' dir='ltr'><strong><em>et</em></strong></span> <span class='ocrx_word' id='word_1_395' title='bbox 951 4170 1143 4225; x_wconf 85' lang='lat' dir='ltr'><strong>duetus</strong></span> <span class='ocrx_word' id='word_1_396' title='bbox 1177 4171 1460 4242; x_wconf 87' lang='lat' dir='ltr'><strong>persimile.</strong></span> <span class='ocrx_word' id='word_1_397' title='bbox 1529 4172 1656 4225; x_wconf 84' lang='grc'><strong>111119</strong></span> <span class='ocrx_word' id='word_1_398' title='bbox 1688 4188 1784 4242; x_wconf 89' lang='lat' dir='ltr'><strong><em>pro</em></strong></span> <span class='ocrx_word' id='word_1_399' title='bbox 1804 4171 2032 4241; x_wconf 83' lang='grc' dir='ltr'><strong><em>ἐκφέρει</em></strong></span> <span class='ocrx_word' id='word_1_400' title='bbox 2063 4190 2207 4229; x_wconf 85' lang='grc'><strong>1111119</strong></span> <span class='ocrx_word' id='word_1_401' title='bbox 2225 4171 2468 4243; x_wconf 79' lang='grc' dir='ltr'><strong><em>ἐκβαίνει</em></strong></span> <span class='ocrx_word' id='word_1_402' title='bbox 2503 4189 2617 4228; x_wconf 83' lang='grc'><strong>991·-</strong></span> 
     </span>
     <span class='ocr_line' id='line_1_42' title="bbox 544 4256 2615 4330; baseline 0.001 -18"><span class='ocrx_word' id='word_1_403' title='bbox 544 4256 673 4322; x_wconf 82' lang='lat' dir='ltr'><strong>rexi,</strong></span> <span class='ocrx_word' id='word_1_404' title='bbox 718 4256 754 4310; x_wconf 91' lang='lat' dir='ltr'><strong><em>i.</em></strong></span> <span class='ocrx_word' id='word_1_405' title='bbox 792 4273 838 4311; x_wconf 91' lang='lat' dir='ltr'><strong><em>e.</em></strong></span> <span class='ocrx_word' id='word_1_406' title='bbox 875 4256 1027 4322; x_wconf 86' lang='lat' dir='ltr'><strong>‚illud</strong></span> <span class='ocrx_word' id='word_1_407' title='bbox 1068 4256 1210 4328; x_wconf 87' lang='lat' dir='ltr'><strong>quod</strong></span> <span class='ocrx_word' id='word_1_408' title='bbox 1253 4258 1312 4311; x_wconf 91' lang='lat' dir='ltr'><strong>in</strong></span> <span class='ocrx_word' id='word_1_409' title='bbox 1357 4257 1632 4326; x_wconf 82' lang='lat' dir='ltr'><strong>proverbio</strong></span> <span class='ocrx_word' id='word_1_410' title='bbox 1680 4261 1765 4313; x_wconf 84' lang='lat' dir='ltr'><strong><em>est</em></strong></span> <span class='ocrx_word' id='word_1_411' title='bbox 1810 4276 1966 4330; x_wconf 88' lang='lat' dir='ltr'><strong>saepe</strong></span> <span class='ocrx_word' id='word_1_412' title='bbox 1999 4260 2065 4314; x_wconf 88' lang='lat' dir='ltr'><strong><em>fit</em></strong></span> <span class='ocrx_word' id='word_1_413' title='bbox 2097 4260 2364 4330; x_wconf 83' lang='lat' dir='ltr'><strong>(eventum</strong></span> <span class='ocrx_word' id='word_1_414' title='bbox 2398 4258 2615 4328; x_wconf 83' lang='lat' dir='ltr'><strong>habet)‘.</strong></span> 
     </span>
     <span class='ocr_line' id='line_1_43' title="bbox 546 4341 2619 4418; baseline 0.002 -21"><span class='ocrx_word' id='word_1_415' title='bbox 546 4343 701 4398; x_wconf 81' lang='lat' dir='ltr'><strong>attici</strong></span> <span class='ocrx_word' id='word_1_416' title='bbox 735 4341 802 4398; x_wconf 86' lang='lat' dir='ltr'><strong><em>de</em></strong></span> <span class='ocrx_word' id='word_1_417' title='bbox 837 4344 1056 4399; x_wconf 87' lang='lat' dir='ltr'><strong>somniis</strong></span> <span class='ocrx_word' id='word_1_418' title='bbox 1091 4344 1175 4399; x_wconf 85' lang='lat' dir='ltr'><strong><em>vel</em></strong></span> <span class='ocrx_word' id='word_1_419' title='bbox 1207 4343 1515 4414; x_wconf 82' lang='lat' dir='ltr'><strong>proverbiis,</strong></span> <span class='ocrx_word' id='word_1_420' title='bbox 1569 4361 1704 4415; x_wconf 86' lang='lat' dir='ltr'><strong>quae</strong></span> <span class='ocrx_word' id='word_1_421' title='bbox 1738 4347 1989 4402; x_wconf 82' lang='lat' dir='ltr'><strong>eveniunt</strong></span> <span class='ocrx_word' id='word_1_422' title='bbox 2033 4363 2177 4403; x_wconf 82' lang='lat' dir='ltr'><strong>nune</strong></span> <span class='ocrx_word' id='word_1_423' title='bbox 2223 4345 2501 4418; x_wconf 75' lang='grc' dir='ltr'><strong><em>ἐκβαίνειν</em></strong></span> <span class='ocrx_word' id='word_1_424' title='bbox 2534 4346 2619 4415; x_wconf 90' lang='lat' dir='ltr'><strong><em>(ut</em></strong></span> 
     </span>
    </p>
   </div>
   <div class='ocr_carea' id='block_1_5' title="bbox 3066 4463 3076 5025">
    <p class='ocr_par' dir='ltr' id='par_1_5' title="bbox 3066 4463 3076 5025">
     <span class='ocr_line' id='line_1_44' title="bbox 3066 4463 3076 5025; baseline 0 0"><span class='ocrx_word' id='word_1_425' title='bbox 3066 4463 3076 5025; x_wconf 95' lang='lat' dir='ltr'><strong><em> </em></strong></span> 
     </span>
    </p>
   </div>
   <div class='ocr_carea' id='block_1_6' title="bbox 3066 4463 3076 5025">
    <p class='ocr_par' dir='ltr' id='par_1_6' title="bbox 3066 4463 3076 5025">
     <span class='ocr_line' id='line_1_45' title="bbox 3066 4463 3076 5025; baseline 0 0"><span class='ocrx_word' id='word_1_426' title='bbox 3066 4463 3076 5025; x_wconf 95' lang='lat' dir='ltr'><strong><em> </em></strong></span> 
     </span>
    </p>
   </div>
  </div>
 </body>
</html>
