3099 5241
1362 431 1641 480 ΧΑΡΩΝ.
2422 430 2548 495 115
2596 432 2607 441 “

461 623 667 687 εχων,
742 603 802 664 εἰ
864 599 994 667 εδει
1060 626 1156 686 μη
1228 599 1529 688 κατάγειν
1596 626 1728 685 μοι
1736 626 1814 665 ον
1882 598 2142 679 αὐτοὺς,
2217 599 2374 666 ἀλλὰ
2441 602 2548 666 καὶ

464 696 661 778 αὖθις
722 702 998 793 ἀπάγειν
1060 729 1444 789 πιομεν.ους
1543 703 1591 770 οἳ
1651 713 1768 790 τῆς
1828 704 2079 803 ἀνοίας,
2154 709 2216 770 οἱ
2273 703 2548 791 μάταιοι

464 806 578 872 οὐκ
640 806 881 884 εἰδότες
934 808 1177 893 ἡλίκοις
1237 811 1413 896 ὅροις
1471 810 1859 895 διακέκριται
1903 835 1982 874 τα
2030 815 2273 896 νεκρῶν
2315 811 2423 874 καὶ
2466 808 2544 876 τὰ

459 906 716 991 ζώντων
761 911 1128 1002 πράγματα
1169 915 1274 978 καὶ
1321 912 1427 978 οἷα
1472 912 1553 979 τοὶ
1600 913 1760 1000 παρ’
1811 913 1974 998 ἡμῖν
2022 919 2154 980 ἐστι
2199 915 2305 979 καὶ
2350 915 2450 980 ὅτι

771 1016 1055 1083 κάτθαν’
1109 1016 1288 1102 ὁμῶς
1346 1019 1383 1084 ὅ
1426 1017 1486 1084 τ’
1540 1017 1838 1105 ἄτυμβος
1885 1016 2054 1103 ἀνὴρ
2102 1018 2175 1092 ὅς
2219 1017 2280 1084 τ’
2333 1021 2549 1108 ἔλλαχε

978 1119 1273 1209 τί·,ιιβου,·

772 1229 839 1289 ἐν
889 1225 959 1292 δὲ
1005 1230 1069 1313 ἰῇ
1113 1234 1273 1314 τιμῇ
1306 1222 1477 1312 Ἶρος
1521 1228 1748 1314 κρείων
1790 1227 1849 1293 τ’
1894 1227 2337 1316 Ἀγαμέμνων
2357 1238 2390 1269 ·”

781 1330 1062 1420 Θερσίτῃ
1109 1330 1167 1396 δ”
1221 1331 1360 1406 ἶσος
1411 1333 1684 1407 Θέτιδος
1728 1330 1889 1407 πάϊς
1931 1331 2280 1416 ἠϋκόμοιο.

774 1433 1017 1510 πάντες
1074 1435 1138 1500 δ”
1190 1438 1353 1502 εἰσὶν
1399 1435 1578 1522 ὁμῶς
1624 1436 1869 1503 νεκύων
1916 1436 2215 1522 ἀμενηνὰ
2262 1434 2539 1521 κάρηνα,

692 1538 727 1576 *
768 1539 1015 1626 γυμνοί
1054 1566 1126 1605 τε
1170 1541 1353 1627 ξηροί
1395 1568 1465 1607 τε
1508 1541 1649 1608 κατ’
1703 1539 2065 1626 ἀσφοδελὸν
2112 1546 2418 1626 λειμῶνα.
2576 1549 2679 1604 521

460 1830 585 1868 eum
620 1816 715 1869 alii
753 1818 1054 1886 speciosius
1081 1837 1240 1889 quam
1266 1821 1466 1875 verius,
1538 1823 1594 1875 at
1628 1820 1768 1874 nihil
1804 1821 1894 1875 hic
1932 1819 2251 1874 mutandum
2285 1833 2404 1872 esse
2439 1817 2547 1872 loci

459 1904 661 1971 gemini
710 1905 902 1959 docent
948 1907 1198 1975 inprimis
1246 1907 1312 1961 D.
1355 1908 1512 1962 Mort.
1549 1908 1737 1977 XXII,
1773 1914 1835 1965 3:
1882 1912 2065 1961 MEN.
2119 1906 2320 1960 οὐκοῦν
2370 1904 2547 1976 ι’ίπαγέ

459 2012 529 2057 με
569 1984 735 2049 αὖθις
772 1992 824 2050 ἐς
858 1994 958 2046 τὸν
992 1999 1135 2064 βίον.
1210 2000 1490 2048 ΧΑΡΩΝ.
1525 1996 1718 2064 χάριεν
1754 1994 1926 2066 λέγεις
1960 2024 2045 2048 -.
2242 1993 2546 2063 πράγματα

461 2077 597 2143 ἔχων
631 2077 930 2148 ΒἨΑΩΩ2,
979 2082 1254 2151 πράγματ’
1296 2084 1433 2148 ἔχων
1461 2100 1515 2136 V.
1701 2081 1937 2153 ἀπάγειν
1971 2080 2037 2150 B,
2089 2079 2313 2150 ἀνάγειν
2348 2078 2547 2134 caeteri

458 2163 586 2218 libri
622 2166 677 2218 et
711 2184 763 2224 v,
816 2167 920 2222 hoc
956 2167 1094 2224 vitio
1130 2169 1427 2224 Lehmanni
1464 2170 1768 2239 conjectura
1804 2170 2033 2236 ἔπασχες
2067 2168 2301 2221 maxime
2334 2167 2545 2221 nititur.

460 2269 522 2304 ac
559 2268 684 2306 sane
723 2252 945 2324 ἀιάγιιν
979 2256 1226 2310 abhoriet
1259 2274 1291 2311 a
1324 2274 1549 2326 persona
1574 2257 1847 2312 Charonis
1903 2258 2086 2310 contra
2112 2248 2277 2311 αὖθις
2313 2253 2548 2325 ἀπάγειν

460 2340 700 2394 mortuos
749 2341 956 2396 Charon
1003 2360 1098 2411 per
1137 2344 1322 2413 jocum
1370 2345 1535 2399 etiam
1579 2345 1638 2397 in
1687 2343 1754 2397 D.
1802 2343 1960 2398 Mort.
2007 2341 2196 2410 XXII,
2233 2347 2268 2399 3
2311 2342 2544 2410 jubetm.

461 2426 515 2478 at
566 2423 871 2482 Mercurius
923 2428 1281 2484 Protesilaum
1348 2431 1426 2484 οἷν
1443 2433 1716 2502 αγαγών
1788 2423 1954 2489 αυθις
2021 2429 2248 2498 ἐποίεησ
2305 2433 2548 2497 νυμφίον

455 2512 547 2580 (D
583 2512 740 2567 Mort.
775 2513 991 2585 XXIII,
1028 2523 1061 2575 3
1097 2514 1212 2588 fin.)
1392 2510 1437 2571 ὦ
1483 2519 1737 2586 μάταιοι,
1788 2518 1885 2587 τῆς
1932 2516 2141 2580 ἄνοι’,ας
2196 2515 2295 2570 οὔκ
2336 2511 2547 2573 ειδότες

457 2599 699 2670 plerique
735 2602 863 2657 libri
898 2606 953 2657 et
988 2623 1041 2674 v,
1092 2605 1186 2661 sed
1221 2610 1272 2659 Ω
1308 2623 1395 2663 om
1430 2609 1527 2675 τῆς
1564 2606 1757 2663 ἀνοίας
1789 2606 1850 2659 in
1885 2606 2040 2659 textu
2076 2603 2159 2675 (in
2195 2620 2358 2673 marg.
2396 2603 2547 2657 addit

458 2687 646 2759 idem).
718 2692 882 2750 verba
914 2693 1150 2761 μάταιοι
1188 2694 1286 2748 οὐκ
1326 2691 1536 2752 εἰδότες
1583 2696 1643 2747 in
1678 2695 1836 2748 textu
1870 2692 1997 2746 libri
2033 2696 2081 2744 Ω
2118 2692 2317 2761 optime
2355 2692 2544 2746 cohae-

458 2776 592 2843 rent,
645 2787 779 2845 quae
830 2779 1018 2833 divelli
1067 2784 1343 2850 nequeunt
1389 2782 1572 2836 verbis
1617 2781 1826 2836 alienis.
1919 2782 2037 2833 tum
2086 2770 2129 2830 ὦ
2181 2778 2416 2847 μάταιοι
2462 2779 2547 2831 est

451 2862 797 2931 adloquentis
833 2866 969 2921 alios
1008 2866 1094 2938 (ut
1131 2885 1293 2938 supra
1329 2886 1373 2923 c.
1402 2874 1472 2927 20
1507 2871 1564 2922 et
1598 2868 1678 2922 De
1702 2867 1863 2922 Mero.
1893 2867 2055 2921 Cond.
2086 2865 2194 2937 17),
2230 2866 2325 2920 ubi
2364 2867 2544 2920 autem

460 2949 606 3003 sicut
638 2952 692 3003 h.
718 2952 753 3005 1.
792 2969 1018 3021 persona
1052 2972 1187 3023 opus
1224 2958 1308 3009 est
1341 2956 1515 3024 tertia,
1554 2957 1736 3024 potius
1776 2955 1836 3007 οἰ
1864 2955 2100 3023 μάταιοι
2136 2953 2425 3007 dicendum
2461 2954 2545 3006 est

460 3038 522 3089 ut
556 3037 615 3090 in
653 3039 849 3108 Catapl.
888 3057 933 3095 c.
971 3047 1004 3099 3
1041 3043 1097 3095 et
1130 3059 1175 3096 c.
1216 3048 1283 3102 14
1317 3043 1407 3096 fin.
1480 3043 1587 3096 duo
1622 3042 1794 3111 igitur
1826 3042 1963 3096 vitia
1992 3041 2106 3110 jam
2142 3041 2272 3095 olim
2310 3040 2543 3110 (favente

458 3140 603 3192 nunc
640 3126 824 3180 codice
859 3128 933 3198 Ω)
982 3145 1045 3182 ea
1081 3146 1241 3198 quam
1288 3131 1467 3198 recepi
1514 3129 1929 3198 transpositione
1984 3144 2200 3183 sanasse
2236 3128 2449 3182 videor:
2501 3127 2546 3179 ὢ

458 3212 555 3277 ’τῆς
594 3211 802 3275 ἀνοίας,
844 3212 904 3268 οἱ
933 3216 1168 3283 μάταιοι
1206 3217 1304 3270 οὐκ
1345 3214 1556 3275 εἰδότες
1591 3248 1674 3270 -.
1731 3216 1988 3271 Similiter
2021 3215 2179 3285 paulo
2216 3203 2338 3283 poss:
2373 3217 2542 3272 &⁴242

463 3297 507 3348 ν’)
541 3300 639 3365 τῆς
675 3299 882 3365 ἀνοίας,
924 3303 984 3355 οἵ
1014 3325 1073 3373 γε
1114 3303 1211 3356 οὐκ
1250 3307 1431 3358 ἴσασιν
1466 3335 1552 3361 -.
1757 3301 2127 3372 διακέκριται]
2177 3307 2427 3372 κέκριται
2472 3306 2537 3354 Ω.

633 3388 703 3439 τὰ
755 3384 996 3462 ζώντων]
1052 3394 1165 3444 vav
1214 3391 1437 3455 ζώντων
1474 3391 1551 3459 321,
1609 3390 1831 3453 ζώντων
1878 3391 1991 3462 (om
2027 3389 2121 3462 τὰ)
2158 3407 2204 3444 a.
2420 3388 2449 3442 ὅ
2496 3388 2538 3441 τ’

463 3470 720 3544 ἄτυμβος]
761 3475 869 3530 ὅστ’
902 3476 1145 3549 ἄτυμβος
1178 3482 1242 3531 Ω.
1426 3476 1612 3545 ἔλλαχε
1650 3493 1966 3547 anonymus,
2006 3476 2159 3544 ἔλαχε
2196 3477 2321 3531 libri
2360 3492 2543 3532 omnes

462 3558 684 3629 (diserte
718 3562 907 3636 BsztA).
1089 3563 1147 3619 δὲ
1177 3562 1232 3638 ἰῇ
1260 3567 1441 3622 ΑΩΩ2
1478 3582 1605 3619 cum
1637 3565 1886 3633 Homero,
1928 3562 1980 3617 δ’
2010 3561 2062 3639 ἰῇ
2090 3564 2189 3622 1321
2225 3565 2281 3617 et
2313 3582 2366 3623 v,

459 3649 592 3720 τιμῇ
631 3665 717 3702 om
751 3652 816 3704 A.
1000 3645 1145 3722 Ἰρος
1178 3653 1478 3707 Jacobitius
1513 3669 1609 3721 pro
1633 3650 1796 3719 Ἴρος.
1996 3656 2262 3720 κρείττων
2307 3650 2350 3705 τ’
2385 3650 2541 3721 Ἀγα-

458 3738 683 3801 μίμνων
717 3737 781 3806 21,
820 3738 946 3792 κεῖτ’
988 3739 1330 3811 ἆγαμέμνονι
1366 3740 1473 3794 AC.
1654 3742 1889 3810 Θερσίτῃ
1931 3735 1984 3790 δ’
2025 3734 2160 3811 ἶσος]
2202 3743 2438 3813 Θερσίτῃ
2481 3738 2540 3793 δὲ

462 3823 577 3879 ἴσος
612 3825 727 3886 ΑΩ,
783 3830 1049 3893 Θερσίτης
1083 3827 1124 3880 τ’
1165 3827 1262 3896 ἧδ’
1304 3827 1332 3882 ὁ
1375 3827 1440 3885 21.
1616 3825 1747 3884 πάϊς
1781 3841 1878 3894 ego
1914 3825 2128 3895 scripsi,
2175 3827 2239 3880 ut
2272 3825 2542 3881 Homerus

461 3909 596 3963 solet
648 3911 963 3968 observante
1015 3914 1341 3984 Hermann0,
1393 3914 1523 3968 libri
1576 3918 1722 3970 παῖς.
1924 3914 2151 3981 νεκύων]
2207 3914 2421 3985 νεκρῶν
2474 3916 2540 3966 A.

456 3998 681 4051 tertium
716 4016 936 4054 versum
969 4001 1242 4056 Lucianus
1278 4003 1396 4070 ipse
1431 4001 1650 4055 videtur
1683 4000 1973 4054 fabricatus
2009 4016 2145 4054 esse.
2206 4002 2312 4055 duo
2349 4015 2541 4055 versus

457 4085 641 4139 ultimi
690 4089 819 4140 sunt
860 4089 1024 4157 panni
1073 4090 1310 4143 adsumti
1346 4106 1375 4143 e
1411 4088 1583 4143 variis
1631 4087 1768 4141 locis
1803 4086 2042 4155 Homeri,
2079 4089 2133 4141 at
2167 4106 2218 4142 v.
2259 4093 2286 4146 1
2326 4089 2381 4142 et
2414 4106 2468 4141 v.
2506 4093 2540 4145 2

458 4189 528 4227 ex
563 4190 670 4227 uno
704 4174 775 4228 Jl.
814 4174 869 4238 ι’,
910 4181 1013 4234 319
1049 4192 1148 4245 sq.,
1199 4192 1333 4245 quos
1370 4191 1562 4230 versus
1599 4176 1796 4232 utsuo
1832 4173 2060 4228 consilio
2096 4175 2538 4243 adcommodaret,

456 4260 574 4329 ipse
609 4260 849 4316 invertit.
921 4263 1121 4332 legerat
1153 4264 1301 4318 enim
1335 4279 1427 4318 eos
1462 4262 1738 4316 Lucianus
1784 4276 1996 4330 quoque
2041 4262 2144 4316 hoc
2179 4261 2298 4330 ipso
2339 4262 2539 4329 ordine,

457 4364 563 4417 quo
595 4365 741 4403 nunc
774 4349 1055 4418 leguntur:
1102 4352 1160 4403 ἐν
1199 4348 1257 4404 δὲ
1309 4346 1362 4425 ἰῇ
1414 4351 1549 4423 τιμῇ
1588 4348 1730 4417 ἠμὲν
1778 4351 1944 4406 κακὸς
1978 4346 2080 4416 ἠδὲ
2119 4356 2211 4402 καὶ
2251 4348 2465 4413 ἐσθλός,
2500 4350 2511 4421 Ι

454 4435 683 4489 κάτθαν’
726 4437 876 4507 ὁμῶς
914 4437 945 4491 ὅ
979 4437 1019 4492 τ’
1063 4435 1261 4509 ὀίεργοε
1297 4437 1438 4507 ἀνὴρ
1479 4436 1509 4490 ὅ
1546 4458 1607 4490 τε
1644 4433 1823 4488 πολλὰ
1863 4434 2082 4507 ἐοργώς.

2122 4539 2176 4585 841·
