3099 5241
1369 431 1633 483 ΤΙΜΩΝ.
2389 404 2533 477 185

457 595 566 663 καὶ
628 594 754 684 γὰρ
818 594 1032 684 ῥήτωρ
1097 597 1362 685 ἄριστος
1417 598 1454 667 ό
1512 600 1744 688 Τίμων
1795 604 1904 672 καὶ
1954 604 2035 673 τά
2098 604 2257 672 ἄλλα
2313 605 2536 674 πάντα

458 698 676 768 ὁπόσα
723 700 808 769 ἂν
851 704 1133 792 ἐθέλῃό(
1178 708 1220 745 ⁴*
1272 706 1378 773 52.
1436 706 1622 774 τουτὶ
1649 713 1778 794 μὲν
1807 705 1929 779 οὖν
1955 735 2058 778 σοι
2085 708 2163 778 τό
2191 707 2532 796 ψήφισμα·
2577 721 2676 777 168

458 802 577 893 ἐγώ
637 804 708 873 δὲ
761 807 870 872 καὶ
922 804 1039 873 τὸν
1098 804 1240 875 υἱὸν
1301 809 1676 898 ἐβουλόμην
1730 813 1997 903 ἀγαγεῖν
2054 813 2236 900 παρὰ
2299 820 2392 895 σὲ,
2457 816 2538 882 ὃν

458 909 565 975 ἐπὶ
621 916 710 997 τῷ
760 917 847 999 σῷ
893 909 1174 997 ὀνόματι
1229 914 1504 1000 Τίμωνα
1548 914 1884 1004 ὠνόμακα.
1992 920 2195 986 ΤΙΜ.
2267 926 2427 998 πῶς,
2489 915 2538 984 ὦ

458 1014 718 1098 Δημέα,
782 1014 855 1089 ὃς
910 1014 1063 1082 οὐδὲ
1104 1015 1505 1106 γεγάμηκας,
1573 1022 1699 1088 ὅσα
1750 1047 1825 1110 γε
1882 1022 1988 1089 καὶ
2030 1021 2214 1108 ἡμᾶς
2257 1024 2539 1103 εἰδέναις

458 1118 697 1185 ΔΗΜ.
762 1118 919 1185 ἄλλα
964 1126 1179 1208 γαμῶ,
1228 1119 1315 1205 ἢν
1362 1122 1514 1212 διδῷ
1561 1124 1743 1204 θεὸς,
1794 1131 1859 1202 ἐς
1902 1128 2108 1193 νέωτα
2150 1129 2256 1194 καὶ
2299 1128 2540 1194 παιδο-

457 1219 852 1308 ποιήσομαι,
924 1225 1030 1289 καὶ
1088 1223 1164 1291 τό
1220 1226 1816 1314 γεννηθησόμενον
1866 1230 2093 1318 (ἄρρεν
2148 1230 2272 1320 γάρ
2331 1231 2541 1319 ἔσται)

470 1326 745 1412 Τίμωνα
788 1326 919 1412 ἤδη
966 1330 1155 1395 καλῶ.
1261 1331 1464 1398 ΤΙΜ.
1540 1331 1657 1400 οὐκ
1704 1333 1853 1402 οἶδα
1900 1339 1961 1401 εἰ
1998 1336 2376 1424 γαμησείεις
2419 1362 2535 1414 ετι,

459 1425 507 1496 ὦ
589 1425 803 1509 οὗτος,
886 1431 1279 1519 τηλικαύτην
1354 1442 1515 1522 παρ’
1595 1443 1765 1524 ἐμοῦ
1828 1439 2086 1528 πληγην
2151 1437 2535 1526 λαμβάνων.

460 1536 698 1602 ΔΗΜ.
751 1560 956 1622 σιμοι,
1005 1536 1071 1603 τί
1109 1545 1350 1619 τοῦτο·
1393 1542 1752 1627 τυραννίδι,
1806 1538 1853 1609 ὦ
1911 1545 2163 1630 Τίμων,
2215 1549 2544 1634 ἐπιχειρεῖς

458 1641 564 1705 καὶ
607 1637 869 1716 τύπτεις
910 1638 1066 1717 τούς
1110 1644 1512 1729 ἐλευθέρους,
1565 1645 1640 1712 οὗ
1687 1654 1996 1733 καθαρῶς
2023 1647 2363 1734 ἐλεύθερος
2395 1648 2541 1715 οὐδ’

460 1741 659 1819 ἀστός
716 1743 849 1826 ὤνς
906 1743 1062 1812 ἀλλὰ
1125 1745 1348 1822 δώσεις
1408 1753 1480 1816 ἐν
1522 1747 1699 1839 τάχει
1743 1750 1865 1836 τῆν
1912 1752 2098 1836 δίκην
2139 1750 2221 1819 τά
2264 1779 2338 1820 τε
2382 1752 2543 1818 ἄλλα

460 1851 564 1914 καὶ
611 1850 711 1914 ὅτι
752 1847 879 1933 την
923 1848 1279 1936 ἀκρόπολιν
1323 1854 1706 1938 ἐνέπρησας.
1802 1858 1907 1924 53.
1979 1858 2182 1923 ΤΙΜ.
2250 1855 2373 1922 ἀλλ’
2426 1856 2543 1923 οὐκ

460 1955 942 2039 ἐμπέπρησται,
1009 1950 1057 2020 ὦ
1113 1960 1331 2041 μιαρὲ,
1396 1957 1443 1999 '3⁴
1495 1956 1537 2041 ἡ
1602 1956 1971 2045 ἀκρόπολις,
2037 1963 2203 2027 ὥστε
2248 1961 2442 2045 δῆλος
2487 1959 2548 2026 εἶ
2580 1975 2680 2030 169

463 2064 904 2143 συκοφαντῶν.
1001 2060 1239 2127 ΔΗΜ.
1314 2059 1470 2127 ἀλλὰ
1517 2063 1623 2129 καὶ
1666 2067 1965 2140 πλουτεῖς
2008 2065 2128 2133 τὸν
2173 2062 2544 2132 ὀπισθόδο-

462 2289 709 2343 'I'erentio
756 2290 814 2343 in
859 2289 1087 2359 Adelph.
1125 2292 1191 2353 V,
1227 2292 1277 2355 8,
1324 2293 1393 2345 24
1439 2291 1546 2345 dici
1594 2295 1904 2361 ‚cognatum
1926 2295 2252 2363 proximum‘.
2326 2295 2376 2349 si
2409 2295 2544 2349 nulli

462 2377 689 2446 amplius
725 2377 783 2430 in
816 2377 904 2430 his
952 2377 1111 2432 terris
1160 2380 1319 2431 erunt
1352 2379 1750 2447 consanguinei,
1795 2383 1912 2434 tum
1958 2379 2168 2436 demum
2215 2399 2393 2436 omnes
2431 2399 2543 2436 cre-

461 2462 589 2517 dent
625 2462 841 2528 Cobet0‚
888 2481 1059 2533 neque
1093 2465 1316 2519 atticum
1352 2482 1468 2519 esse
1505 2465 1761 2537 συγγενὴς
1798 2464 2078 2536 ἀγχιστεὺς
2111 2486 2281 2540 neque
2317 2470 2543 2523 latinum

462 2552 735 2620 ,cognatus
789 2551 1091 2620 proximus‘.
1274 2552 1537 2620 μαθητὴς
1583 2554 2009 2619 ΑΨΩΩΞΡΒΟα,
2063 2555 2326 2624 μαθητὴς
2375 2553 2543 2609 αὐτοῦ

461 2658 508 2695 v.
664 2636 831 2712 ἐθέλῃ
868 2640 1102 2705 5392RL,
1150 2637 1344 2693 ἐθέλοι
1378 2641 1586 2696 ΑΨΡΟ
1622 2645 1678 2696 et
1711 2661 1759 2697 v.

600 2730 685 2783 52.
759 2718 861 2781 οὖν
898 2726 1005 2794 σοι]
1046 2724 1114 2780 ἶίν
1150 2746 1242 2780 σοι
1275 2727 1388 2783 AB.
1529 2726 1634 2799 ἐγὼ
1678 2726 1738 2782 δὲ
1774 2735 1867 2782 καὶ
1901 2730 2286 2792 ΑΟΨΩΩςΡΒ,
2339 2727 2442 2800 ἐγώ
2483 2727 2545 2783 δέ

464 2832 555 2867 σοι
590 2821 683 2868 καὶ
717 2833 765 2869 v.
907 2813 1068 2883 παρὰ
1105 2814 1186 2883 σὲ]
1224 2821 1357 2884 περὶ
1395 2814 1451 2867 σὲ
1498 2819 1561 2867 Ψ.
1721 2815 1782 2873 ὃς
1817 2813 1975 2886 οὐδὲ]
2016 2814 2075 2874 ὃς
2113 2814 2176 2870 οὗ
2217 2819 2280 2872 R.
2423 2838 2542 2889 γεν-

462 2900 878 2971 νηθησόμενον]
925 2901 1299 2971 γενησόμενον
1331 2904 1395 2957 R.
1563 2900 1758 2973 ἄρρεν]
1810 2901 1946 2973 ἅρεν
1985 2907 2047 2956 0.
2212 2903 2390 2972 ἔσται]
2431 2903 2548 2956 ἐστι

464 2991 529 3044 R.
686 2990 813 3045 libri
845 2987 1111 3059 γαμήσεις
1157 2988 1240 3042 ἔτι
1284 2992 1493 3059 practer
1537 3008 1705 3045 unum
1756 2996 1803 3044 Ψ
1836 2992 1930 3061 qui
1962 2989 2230 3060 γαμήσεις
2276 2990 2383 3060 (om
2418 2990 2540 3060 ἔτι).

464 3095 562 3147 ego
596 3095 692 3148 pro
727 3075 993 3147 γαμήσεις
1034 3078 1144 3146 jam
1192 3077 1319 3131 olim
1353 3078 1582 3132 correxi:
1634 3079 1969 3147 γαμησείεις,
2022 3079 2076 3132 h.
2116 3095 2189 3133 e.:
2240 3078 2442 3143 ,dubito
2479 3095 2546 3131 an

464 3182 571 3220 non
620 3166 848 3235 amplius
894 3165 1105 3236 prurias
1151 3181 1468 3234 uxoremque
1516 3166 1700 3234 cupias
1750 3163 1972 3220 ducere‘.
2052 3166 2334 3234 γαμηοείω
2384 3164 2548 3218 habet

466 3254 625 3307 etiam
660 3252 886 3306 Luciani
918 3252 1155 3305 imitator
1187 3251 1442 3321 Alciphro
1461 3252 1505 3316 Ι,
1544 3255 1627 3316 13,
1645 3255 1680 3308 2
1717 3255 1772 3306 et
1805 3253 1999 3306 iterum
2016 3252 2120 3317 III,
2149 3256 2232 3317 37,
2259 3255 2309 3307 2.
2383 3251 2546 3305 libro-

465 3356 581 3393 rum
616 3340 884 3408 scriptura
918 3339 1119 3408 duplici
1151 3338 1284 3392 vitio
1318 3338 1539 3392 laborat.
1613 3355 1736 3392 nam
1770 3356 1940 3409 neque
1975 3338 2144 3393 forma
2158 3337 2424 3408 γαμήσεις
2457 3338 2547 3392 hic

466 3426 678 3495 quidem
712 3425 929 3481 ferenda
963 3429 1060 3491 est,
1107 3443 1272 3495 quum
1316 3425 1470 3479 modo
1517 3426 1742 3480 atticum
1775 3426 2016 3480 futurum
2051 3425 2211 3495 γαμῶ
2246 3442 2546 3495 praecesse-

465 3514 554 3578 rit,
591 3516 648 3568 et
681 3530 802 3567 cum
834 3513 1018 3567 futuro
1052 3511 1318 3582 γαμήσεις
1333 3513 1628 3582 praesentis
1658 3513 2000 3583 participium
2036 3510 2336 3581 λαμβάνων
2369 3516 2548 3582 aperte

465 3604 685 3673 pugnat.
754 3601 884 3654 hinc
917 3617 1087 3670 nuper
1103 3600 1335 3655 Cobetus
1371 3601 1511 3654 inV.
1530 3600 1591 3654 L.
1611 3617 1664 3670 p.
1687 3604 1753 3656 77
1773 3602 1965 3668 γαμεῖς
2001 3598 2085 3651 ἔτι
2118 3600 2345 3668 conjecit
2361 3602 2416 3653 et
2430 3616 2549 3653 mox

441 3683 655 3757 ’λαβών
689 3704 784 3758 pro
820 3683 1133 3757 λαμβάνων.
1209 3685 1429 3757 adparet
1463 3689 1747 3756 utrumque
1791 3686 1983 3740 vitium
2027 3686 2188 3739 etiam
2234 3686 2300 3739 ab
2348 3685 2548 3739 Cobeto

467 3777 603 3830 bene
636 3778 962 3846 perceptum,
1007 3778 1256 3829 neutrum
1299 3777 1478 3828 tamen
1522 3775 1658 3828 bene
1702 3774 1973 3828 sublatum
2020 3789 2152 3827 esse.
2226 3772 2416 3842 quodsi
2450 3791 2548 3842 γα-

468 3884 543 3930 μη
552 3866 717 3918 σείεις
748 3862 1065 3927 restitueriS‚
1098 3864 1245 3916 recte
1279 3876 1337 3915 se
1354 3860 1576 3916 habebit
1593 3856 1909 3929 λαμβάνων,
1951 3860 2040 3913 cui
2056 3858 2236 3913 favent
2271 3859 2432 3913 etiam
2464 3860 2550 3912 in-

470 3950 826 4018 feriorass58:
862 3955 955 4000 καὶ
992 3945 1163 4013 ἄλλην
1197 3945 1462 4016 λάμβανε.
1609 3947 1735 4002 libri
1771 3942 2060 4015 τυραννίδι
2092 3947 2284 4013 τίμων.
2359 3946 2552 4015 scripsi

471 4037 741 4108 equidem:
777 4032 1083 4104 τυραννίδι,
1127 4026 1171 4087 ὦ
1211 4037 1399 4102 Τίμων
1432 4063 1519 4087 —-.
1666 4032 1934 4101 καθαρῶς
1977 4036 2075 4084 ΨΟ
2112 4035 2167 4086 et
2201 4051 2248 4098 v,
2295 4031 2552 4101 καθαρὸς

470 4123 754 4182 ΑΩΩςΡΒ..
900 4119 1228 4192 ἐλεεύθερσς
1262 4140 1309 4177 a.
1452 4120 1640 4189 ἀστὸς]
1679 4119 1844 4178 αὐτὸς
1883 4120 1991 4174 PL.

612 4214 695 4267 53.
768 4207 1032 4280 διορύξας
1073 4209 1438 4267 ΑΟΨΩΩςΡΒ,
1483 4225 1605 4264 cum
1653 4209 1864 4272 Jensi0‚
1916 4201 2192 4274 διωρὺξας
2238 4205 2355 4260 edd.
2428 4210 2552 4260 ante

472 4298 936 4354 Hemsterhusium
980 4298 1275 4368 pleraeque,
1325 4293 1529 4364 ὀρύξας
1574 4296 1764 4350 lemma
1809 4294 2015 4358 scholii,
2065 4289 2374 4361 διαρρήξας
2419 4292 2550 4347 ch.

615 4380 919 4453 διώρυκται
964 4384 1106 4450 libri,
1158 4401 1252 4454 pro
1302 4400 1406 4453 quo
1454 4383 1686 4438 Cebetas
1733 4383 1798 4437 V.
1842 4382 1905 4437 L.
1951 4399 2003 4451 p.
2038 4383 2108 4437 80
2153 4381 2318 4435 attice
2365 4380 2556 4434 scribit
