3099 5241
559 410 709 483 218
1382 444 1814 497 AOPKIANOY‘

551 612 755 696 μέλει·
817 613 925 680 καὶ
970 612 1476 704 στρατηγησάτω
1520 621 1640 701 τῆς
1669 613 2003 695 Ἑλλάδος,
2052 619 2114 682 ἐἰ
2155 615 2350 696 δοκεῖ,
2400 621 2629 685 ἐκεῖνοι

554 714 627 782 δὲ
665 713 766 804 μὴ
809 718 1422 806 κληρονομείτωσαν
1461 716 1703 806 μόνον.

1551 895 1618 960 X

636 1012 1136 1081 ΧΑΡΩΝΟΣ
1198 1014 1395 1081 ΚΑΙ
1453 1015 1801 1083 ΕΡΜΟΥ
1859 1016 2057 1082 KAI
2112 1015 2552 1084 NEKPJZN

1316 1118 1871 1186 ΔῙΑΦΟΡΩΝ.

730 1243 789 1307 1.
858 1240 1087 1307 ΧΛΡ.
1152 1237 1532 1319 Ἀκούσατε,
1597 1238 1682 1315 ὥς
1739 1244 1861 1330 ἔχει
1902 1240 2068 1327 ἡμῖν
2111 1240 2193 1308 τοὶ
2238 1238 2621 1331 πράγματα.

553 1339 787 1429 μικρὸν
847 1348 979 1430 μὲν
1035 1341 1225 1429 ἡμῖν,
1285 1342 1371 1420 ὡς
1429 1342 1646 1430 ὁρᾶτε,
1708 1343 1786 1411 τὸ
1835 1346 2176 1431 σκαφίδιον
2219 1348 2325 1412 καὶ
2368 1344 2632 1413 ὑπόσα-

554 1443 731 1532 θρόν
812 1451 946 1514 ἐστι
1010 1447 1116 1513 καὶ
1184 1446 1430 1534 διαρρεῖ
1491 1447 1574 1514 τὰ
1639 1447 1847 1514 πολλὰ
1915 1450 2023 1515 καὶ
2083 1449 2173 1534 ἢν
2234 1456 2455 1538 τραπῇ
2521 1450 2628 1516 ἐπὶ

553 1548 831 1638 θάτερα,
899 1548 1224 1641 οἰχήσεται
1281 1553 1703 1638 περιτραπέν·
1772 1551 1961 1638 ὑμεῖς
2020 1553 2091 1620 δὲ
2133 1561 2438 1621 τοσοῦτοι
2484 1555 2626 1639 ἅμα

549 1654 737 1738 ἥκετε
793 1652 999 1721 πολλοὶ
1058 1654 1517 1743 ἐπιφερόμενοι
1575 1666 1861 1732 ἕκαστος.
1956 1657 2046 1741 ἢν
2091 1653 2212 1725 οὖν
2253 1655 2422 1742 μετὰ
2467 1654 2629 1724 τοὺ·

412 1784 518 1838 364
550 1782 679 1825 των
722 1760 990 1846 ἐμβῆτε,
1041 1759 1219 1827 δέδια
1262 1758 1360 1847 μὴ
1406 1763 1683 1846 ὕστερον
1723 1760 2202 1847 μετανοήσητε·
2251 1761 2297 1804 ⁶³*
2340 1762 2446 1828 καὶ
2488 1758 2627 1845 μά-

551 1863 737 1929 λιστα
803 1861 1042 1930 ὁπόσοι
1108 1877 1242 1931 νεῖν
1310 1864 1427 1931 οὐκ
1495 1865 1878 1933 ἐπίστασθε.
1985 1866 2415 1933 ΝΕΚΡΟΣ.
2488 1871 2627 1939 πῶς

552 1962 674 2033 οὖν
714 1965 1113 2054 ποιήσαντες
1155 1967 1657 2056 εὐπλοήσομεν,-
1717 1972 1945 2038 ΧΑΡ.
2012 1969 2132 2059 ἐγώ
2174 1968 2338 2055 ὑμῖν
2369 1966 2619 2057 φράσω.

550 2161 845 2217 Lucianum
886 2164 952 2218 D.
1000 2163 1159 2218 Mort.
1206 2163 1333 2229 XII,
1368 2167 1404 2219 4
1456 2164 1743 2218 Asrianum
1776 2163 2006 2219 Anabas,
2042 2164 2116 2228 H,
2153 2168 2203 2220 3.
2369 2157 2425 2216 εἰ
2470 2159 2630 2216 δοκεῖ

550 2264 636 2302 om
670 2246 736 2306 Ξῖ.
877 2248 955 2317 μὴ
993 2246 1515 2319 κληρονομείτωσαν
1555 2255 1607 2302 Φ
1641 2254 1697 2304 et
1729 2269 1763 2305 v
1798 2254 1853 2305 et
1885 2251 1981 2305 ubi
2014 2248 2093 2318 μή
2130 2266 2392 2321 superscr.
2423 2253 2491 2312 Ω,
2531 2250 2626 2304 sed

546 2335 624 2403 μὴ
663 2332 1172 2407 κληρονομήτωσαν
1206 2336 1271 2404 21,
1306 2335 1828 2408 κληρονομείτωσαν
1861 2337 1967 2405 (om
2001 2336 2103 2406 μὴ)
2126 2338 2235 2399 ΒΨ,
2274 2334 2623 2407 κληρονομή-

545 2441 733 2477 τωσαν
779 2422 888 2492 (om
922 2424 1023 2494 μὴ)
1056 2428 1119 2477 0.
1281 2422 1473 2493 μόνον]
1523 2422 1693 2495 μόνοι
1741 2422 1806 2482 21.
1879 2428 2112 2479 ceterum
2157 2425 2363 2495 aliquot
2414 2424 2623 2479 codices

548 2509 634 2579 (ut
679 2513 792 2578 ΨΩ,
841 2512 935 2581 qui
969 2511 1171 2566 decimo
1207 2512 1409 2582 carent)
1442 2530 1641 2568 nonum
1675 2513 1946 2581 dialogum
1980 2516 2034 2567 et
2067 2512 2405 2567 undecimum
2441 2513 2625 2566 ordine

546 2602 754 2670 ponunt
786 2600 1060 2655 continuo:
1108 2616 1266 2670 quam
1310 2601 1570 2656 rationem
1615 2601 1722 2671 ipsi
1765 2600 2031 2671 placuisse
2076 2600 2311 2655 Luciano
2362 2600 2620 2671 suspicor.

548 2703 728 2741 omnes
764 2687 904 2742 enim
938 2686 1137 2756 dialogi
1170 2704 1204 2741 a
1237 2687 1423 2757 quinto
1468 2688 1537 2742 ad
1583 2687 1742 2742 finem
1785 2687 2053 2742 undecimi
2095 2688 2154 2741 in
2199 2686 2623 2758 heredipetarum

547 2774 752 2828 artibus
788 2775 1031 2844 occupati
1078 2776 1218 2839 sunt,
1267 2777 1483 2844 excepto
1519 2774 1737 2840 decim0‚
1791 2776 1884 2845 qui
1930 2775 1990 2829 in
2034 2775 2155 2828 aliis
2189 2774 2346 2829 rebus
2382 2777 2626 2830 versatur

546 2876 609 2916 ac
640 2861 820 2931 potius
855 2877 977 2916 cum
1011 2860 1220 2929 dialogo
1256 2858 1611 2923 ,Κατ-ἄπλους
1643 2860 1682 2929 ἢ
1714 2859 2003 2932 τύραννον
2040 2861 2331 2932 comparari
2365 2862 2517 2917 solet.

1549 3001 1617 3056 X.

683 3105 752 3158 In
772 3103 994 3174 Cataplo
1020 3104 1146 3159 inde
1181 3121 1214 3158 a
1242 3121 1288 3158 c.
1308 3108 1407 3161 24:
1446 3106 1713 3173 στίγματα
1738 3102 1828 3158 ἐπὶ
1857 3105 1957 3172 τῆς
1992 3105 2166 3176 ψυχῆς
2192 3105 2466 3160 adluditur
2493 3124 2622 3162 sane

545 3191 861 3245 adnobilem
876 3191 1119 3246 Platonis
1155 3190 1331 3244 locum
1365 3192 1424 3243 in
1443 3190 1642 3259 Gorgia
1657 3208 1710 3261 p.
1732 3194 1851 3258 525,
1869 3191 1993 3263 a(p.
2014 3195 2117 3248 269
2136 3191 2304 3261 de.),
2337 3210 2494 3263 quem
2528 3194 2621 3247 alii

545 3294 752 3348 quoque
786 3277 985 3341 imitati
1019 3279 1149 3331 sunt
1181 3276 1323 3345 apud
1355 3277 1620 3330 Koenium
1653 3277 1721 3331 ad
1757 3278 1974 3347 Gregor.
2013 3278 2134 3335 Gor.
2170 3296 2222 3348 p.
2241 3282 2347 3336 492
2382 3282 2438 3334 et
2466 3282 2621 3349 wyt-

543 3364 887 3419 tenbachium
931 3363 1000 3418 ad
1033 3363 1309 3419 Plutarch.
1346 3365 1426 3418 De
1462 3364 1516 3419 S.
1554 3364 1624 3418 N.
1661 3366 1728 3419 V.
1762 3382 1815 3435 p.
1853 3368 1970 3422 110.
2043 3368 2101 3420 at
2131 3368 2308 3419 totum
2340 3383 2620 3434 argumen-

542 3454 660 3506 tum
706 3454 762 3506 et
796 3451 1007 3521 Catapli
1043 3454 1098 3505 et
1133 3449 1334 3519 dialogi
1379 3452 1553 3505 nostri
1586 3467 1709 3516 non,
1754 3454 1820 3505 ut
1851 3453 2257 3508 Hemsterhusio
2291 3453 2512 3523 placuit,
2559 3470 2620 3507 ex

543 3539 636 3593 illo
670 3537 911 3593 Platonis
946 3537 1063 3592 loco
1097 3538 1403 3607 concepisse
1439 3537 1534 3592 sed
1567 3539 1683 3608 ipse
1718 3539 1984 3594 Lucianus
2030 3540 2241 3594 videtur
2274 3542 2617 3609 excogitasse.

541 3626 689 3678 KAI
731 3626 1043 3678 ΝΕΚΡΩΝ
1088 3627 1490 3679 ΔΙΑΦΟΡΩΝ
1519 3622 1803 3688 V21Mw9,
1842 3642 1929 3681 om
1955 3628 2155 3682 ΒΟΦΕ
2191 3626 2308 3682 edd.
2342 3630 2489 3693 vett„
2525 3627 2622 3683 sed

541 3710 771 3783 Χάρων.
835 3710 1057 3781 Ἑρμῆς.
1098 3714 1328 3780 Νεκροί.
1401 3711 1452 3767 Α
1488 3710 1635 3782 (ter).
1751 3728 1762 3735 ·

683 3802 730 3856 1.
801 3799 1002 3868 XAP.]
1042 3797 1249 3867 Ἑρμῆς
1290 3793 1358 3855 D.
1430 3816 1688 3869 personae
1735 3801 1948 3869 signum
1991 3801 2050 3854 in
2098 3801 2164 3857 A.
2324 3801 2434 3869 ἔχει
2485 3801 2621 3871 ἡμῖν

540 3887 810 3953 ΑΒΦΩΡ,
846 3885 957 3955 ἔχει
992 3884 1122 3956 ὑμῖν
1155 3885 1517 3956 BOIQIMW)
1554 3888 1672 3943 edd.
1708 3890 1837 3944 vett.
1995 3887 2099 3955 μὲν
2130 3886 2267 3957 ἡμῖν
2301 3888 2469 3950 ΑΟΦ,
2518 3888 2622 3957 μὲν

542 3974 649 4044 (om
681 3973 838 4044 ἡμῖν)
876 3972 941 4041 ἓῑ,
976 3974 1079 4043 μὲν
1115 3972 1245 4043 ὑμῖν
1277 3975 1636 4030 ΒΟΓΨΩΜῙΡ
1664 3974 1782 4029 edd.
1801 3977 1930 4030 vett.
2074 3973 2147 4032 ὥς
2182 3973 2378 4044 ὁρᾶτε]
2414 3973 2619 4043 ὁρᾶται

540 4060 649 4130 (om
682 4059 776 4130 ὥς)
820 4065 885 4114 Ψ.
1029 4059 1101 4114 τὰ
1134 4061 1217 4129 ππ]
1253 4059 1505 4115 ταπολλὰ
1538 4060 1692 4116 ΑΦΕ
1727 4064 1784 4117 et
1816 4079 1936 4116 mox
1984 4059 2299 4132 ἐπιθάτερα
2333 4079 2383 4117 a.
2522 4081 2616 4115 το-

542 4148 735 4202 σοῦτοι
781 4145 898 4216 ἅμα
943 4149 1205 4204 ΒΟΨΦΩ
1248 4150 1305 4202 et
1337 4167 1384 4214 v,
1435 4143 1699 4202 τοσοῦτοι
1747 4148 1853 4217 (om
1901 4144 2039 4217 ἅμα)
2076 4147 2140 4215 21,
2196 4145 2312 4217 ἅμα
2356 4147 2618 4203 τοσοῦτοι

540 4236 651 4291 AF.
790 4233 1174 4305 μετανοήσητε
1192 4232 1807 4302 ΒΟΙἯΑΟΔΨΦΩΜΕ,
1825 4233 2197 4305 μετανοήσετε
2217 4236 2335 4291 edd.
2346 4239 2477 4292 vett.

542 4343 878 4460 ‹inlotae-90:
913 4394 962 4464 (ε
998 4411 1088 4451 sec
1120 4391 1196 4463 m)
1231 4394 1293 4450 F.
1447 4395 1626 4447 EPM.
1667 4393 1733 4460 D,
1780 4396 1952 4447 NEK.
1994 4392 2073 4462 (id
2108 4397 2194 4450 est
2224 4390 2462 4463 Νεκρός)
2497 4409 2616 4448 cae-
