3099 5241
504 385 626 439 CIV
671 399 691 459 J
1299 385 1397 439 DE
1449 385 1778 440 NUMERIS

503 563 705 647 repeti
771 562 1077 627 solebant.
1180 561 1315 625 Vix
1397 563 1571 626 enim
1648 562 1854 635 ullum
1924 567 2022 626 est
2084 563 2274 626 metri
2340 561 2590 644 antiqui

506 687 738 751 genuS,
804 669 875 731 in
943 686 1072 751 quo
1140 686 1272 730 non
1338 666 1690 750 plurimum
1757 667 1967 731 valeat
2031 666 2356 731 catalexis.
2464 665 2592 728 Hic

507 776 719 836 tamen
791 772 989 854 (quod
1056 770 1137 834 ad
1203 770 1485 834 rhetoras
1541 772 1786 852 attinet)
1845 770 2297 852 Thrasymachi
2353 770 2591 834 mentio

510 875 691 939 nulla
759 895 1036 959 usquam
1108 876 1342 958 injecta
1405 881 1518 939 est.
1610 875 1838 959 Itaque
1906 895 2072 959 quae
2140 875 2218 939 de
2285 872 2593 939 clausulis

511 981 868 1044 orationum
937 981 1064 1044 dici
1130 984 1422 1064 possunt,
1488 981 1704 1044 omnia
1761 981 1830 1042 in
1888 979 2065 1043 aliud
2120 984 2373 1062 tempus
2427 977 2593 1041 malo

515 1084 779 1148 differre.
858 1084 1151 1149 Ceterum
1200 1085 1278 1148 de
1316 1084 1625 1148 clausulis
1656 1084 1832 1148 haud
1860 1104 2067 1167 pauca
2099 1103 2302 1168 quum
2333 1081 2596 1149 aliunde

513 1192 652 1252 tum
709 1208 793 1252 ex
850 1188 1116 1252 Platone
1173 1189 1431 1274 collegi,
1498 1190 1685 1272 cujus
1745 1208 1862 1272 ego
1921 1208 2224 1253 numeros
2279 1189 2348 1251 in
2409 1187 2597 1250 certis

515 1293 919 1376 potissimum
965 1292 1231 1377 dialogis
1276 1294 1475 1374 (velut
1519 1294 1584 1357 in
1637 1293 1946 1357 Convivio
1993 1297 2056 1357 et
2098 1294 2169 1356 in
2213 1292 2594 1371 Menexeno)

517 1397 779 1459 omnino
854 1397 1144 1461 admiror.
1235 1397 1353 1462 Est
1425 1399 1494 1461 in
1572 1397 1882 1462 Convivio
1957 1419 2017 1483 p.
2082 1399 2224 1480 180,
2296 1395 2354 1460 D
2416 1397 2598 1460 locus

517 1502 836 1584 egregiuS,
880 1502 949 1564 in
998 1521 1127 1585 quo
1170 1500 1418 1566 Taurus
1463 1503 1634 1586 apud
1683 1502 1962 1567 Gellium
1992 1502 2209 1584 XVII,
2241 1503 2326 1567 20
2372 1500 2602 1564 oratio-

518 1624 667 1669 nem
725 1604 1029 1669 brevibus
1074 1610 1137 1669 et
1179 1607 1473 1671 rotundis
1516 1609 1806 1672 numeris
1851 1608 2214 1671 devinctam
2257 1604 2601 1689 praedicat,

523 1728 717 1792 quem
771 1709 985 1773 locum
1030 1710 1110 1773 A.
1163 1711 1409 1774 Gellius
1453 1710 1689 1776 ibidem
1739 1714 1894 1776 scite
1939 1711 2388 1793 modulateque
2432 1727 2603 1772 com-

520 1813 736 1894 posuit
805 1832 910 1876 ore
975 1813 1192 1879 latino.
1284 1813 1536 1880 Deinde
1605 1822 1785 1901 aptos
1843 1835 2148 1880 numeros
2207 1834 2338 1878 non
2394 1812 2603 1877 solum

521 1917 588 1978 in
658 1914 1088 1983 Demosthene
1162 1926 1223 1984 et
1296 1923 1560 1984 caeteris
1634 1921 2010 2003 oratoribus,
2085 1920 2196 1984 sed
2271 1922 2460 1984 etiam
2534 1918 2603 1980 in

522 2020 811 2103 ipsorum
885 2027 1216 2104 poetarum
1289 2025 1447 2089 locis
1518 2026 1822 2109 indagare
1897 2026 2138 2090 studui.
2259 2024 2367 2090 Sic
2449 2022 2606 2087 mihi

528 2124 789 2207 quidem
863 2146 1205 2192 numerosa
1278 2147 1418 2193 esse
1493 2130 1797 2193 videntur
1869 2130 2206 2214 pleraque,
2298 2148 2464 2212 quae
2537 2128 2607 2190 in

530 2230 875 2295 comoediis
962 2234 1206 2314 graecis
1296 2235 1481 2315 quasi
1571 2234 1778 2298 soluta
1867 2235 2054 2319 plane
2141 2235 2337 2297 oratio
2411 2236 2607 2296 metro

528 2339 769 2415 carent,
835 2336 1131 2419 inprimis
1187 2338 1382 2402 Arist.
1429 2340 1599 2403 Avv.
1652 2339 1820 2405 1040
1876 2342 2067 2423 (quae
2125 2337 2494 2402 Brunckius
2547 2340 2611 2400 et

527 2438 665 2521 ipse
702 2438 1033 2522 Bentlejus
1078 2461 1191 2524 pro
1235 2443 1531 2507 versibus
1577 2444 1741 2508 male
1784 2443 2169 2525 habuerunt)
2215 2447 2280 2507 et
2322 2441 2610 2524 ejusdem

529 2542 724 2606 verba
793 2564 1097 2628 personae
1167 2547 1318 2612 ibid.
1379 2569 1435 2611 v.
1498 2549 1697 2631 1050,
1775 2552 1915 2612 tum
1984 2548 2326 2612 sacerdotis
2393 2564 2612 2631 preces

532 2652 596 2711 et
665 2648 735 2710 in
793 2649 959 2713 Avv.
1019 2652 1364 2719 865—887
1434 2661 1497 2719 et
1567 2655 1638 2717 in
1692 2654 2066 2737 Thesmoph.
2127 2674 2187 2715 v,
2247 2651 2609 2718 295—311.

535 2750 923 2836 Quanquam
979 2757 1291 2822 nonnulla
1345 2759 1415 2823 in
1471 2759 1572 2822 his
1631 2759 1789 2822 locis
1844 2758 2180 2822 manifesto
2226 2757 2328 2836 vel
2375 2755 2616 2820 defecta

535 2863 688 2920 sunt
745 2859 848 2923 vel
914 2868 1229 2947 corrupta.
1320 2863 1410 2928 Ut
1472 2865 1646 2929 enim
1701 2882 1882 2927 nunc
1935 2866 2051 2942 est,
2115 2861 2431 2943 rhythmis
2489 2859 2617 2923 for-

534 2966 703 3027 tasse
778 2971 995 3029 carent
1063 2968 1260 3032 verba
1344 2988 1548 3033 novae
1631 2986 1940 3052 personae
2023 2967 2093 3029 in
2168 2967 2332 3028 Avv.
2412 2963 2614 3030 1046:

537 3070 863 3151 καλοῦμαι
909 3108 991 3117 -
1038 3078 1247 3154 μῆνα.
1357 3074 1552 3138 Porro
1616 3073 1790 3157 quod
1847 3071 1930 3135 ad
1984 3075 2268 3153 tempora
2326 3068 2619 3154 pertinet,

541 3170 756 3236 Cicero
817 3174 890 3237 in
936 3174 1196 3240 Oratore
1257 3197 1310 3241 c.
1358 3179 1439 3243 51
1490 3178 1681 3242 tradit
1736 3178 1803 3240 in
1853 3175 2111 3239 Graecis
2173 3174 2435 3257 quidem
2486 3172 2620 3254 jam

539 3295 743 3341 annos
787 3298 982 3362 prope
1028 3281 1528 3366 quadringentos
1573 3301 1730 3363 esse,
1774 3301 1925 3345 cum
1970 3298 2283 3343 numerus
2310 3277 2620 3341 oratorius

540 3380 876 3464 probetur;
961 3382 1284 3448 Romanos
1360 3391 1573 3451 autem
1648 3405 1857 3470 nuper
1931 3385 2188 3449 demum
2265 3382 2619 3466 agnovisse.

544 3484 715 3560 Quot
777 3486 885 3551 ille
951 3487 1031 3552 ab
1097 3490 1429 3555 inventore
1497 3490 1578 3553 ad
1643 3510 1826 3554 suam
1895 3493 2162 3555 aetatem
2236 3488 2620 3566 dinumerat,

543 3590 803 3655 totidem
852 3612 1056 3657 annos
1099 3594 1198 3657 fac
1242 3595 1441 3659 addas
1485 3617 1524 3659 a
1555 3595 1855 3659 Cicerone
1900 3612 2109 3676 usque
2147 3592 2228 3655 ad
2256 3590 2621 3655 Libanium.

543 3694 832 3761 Habebis
887 3719 1091 3764 annos
1151 3702 1569 3785 octingentOS,
1635 3703 1708 3764 ut
1763 3718 1957 3784 supra
2019 3698 2324 3777 diximuS,
2386 3694 2624 3778 quibus

545 3803 801 3866 numeri
856 3824 894 3867 a
935 3804 1402 3888 Thrasymacho
1461 3806 1693 3890 reperti
1737 3804 1909 3888 apud
1957 3802 2230 3867 Graecos
2274 3799 2623 3867 floruerint.

546 3905 775 3991 Neque
848 3911 1016 3975 intra
1089 3916 1216 3975 tam
1288 3911 1557 3995 longum
1631 3910 1910 3993 spatium
1982 3924 2400 3971 numerorum
2475 3922 2628 3967 cura

549 4031 840 4096 unquam
893 4017 1256 4081 intermissa
1314 4021 1429 4097 est,
1491 4016 1611 4079 etsi
1667 4014 1865 4077 alium
1925 4012 2082 4076 alias
2141 4016 2204 4075 et
2247 4030 2394 4075 eum
2442 4027 2629 4093 saepe

550 4119 770 4183 minus
854 4140 1228 4205 prosperum
1313 4120 1540 4186 habuit
1614 4137 2004 4183 successum.
2050 4147 2066 4164 ·
2131 4115 2293 4179 Prae
2367 4113 2630 4177 caeteris

551 4223 800 4306 explosi
882 4231 1073 4308 sunt,
1162 4226 1392 4309 partim
1472 4229 1685 4288 tamen
1775 4224 1966 4287 etiam
2037 4220 2280 4285 laudati
2351 4219 2631 4284 rhetores

553 4331 802 4395 Asiani.
891 4330 982 4395 Hi
1038 4330 1397 4394 ditrochaeo
1441 4329 1780 4392 terminare
1825 4326 2154 4391 clausulas
2199 4323 2508 4404 solebant,
2560 4322 2630 4384 in
