3099 5241
1173 389 1273 443 AD
1317 387 1719 445 Lucum
2335 386 2488 444 XXV

338 593 343 598 ·
416 563 674 629 32414
715 565 784 629 in
828 581 1124 630 scaenam
1168 562 1566 646 Phrynichus
1608 562 2009 646 produxerat,
2055 562 2238 646 quus
2268 580 2488 628 versus

417 669 650 736 servati
718 671 869 733 sunt
934 668 1001 732 in
1066 666 1297 733 Lexico
1358 666 1682 751 Sangerm.
1749 685 1847 750 ap.
1893 667 2343 734 Ruhnkenium
2408 667 2490 733 ad

414 773 601 838 Hom.
623 772 859 855 Hymn.
887 770 1020 838 Cer.
1066 791 1122 836 v.
1150 771 1282 837 200
1325 771 1459 837 sive
1504 771 2056 837 inBekk.Anecd.
2102 791 2160 854 p.
2195 772 2344 849 344,
2373 771 2488 837 29:

402 872 796 969 ’Ἀδουλος
866 874 1046 960 βίος
1104 878 1285 958 ἐρεῖς,
1354 875 1686 939 τουτέστιν
1749 872 1784 938 ὁ
1845 873 1941 957 μή
2007 872 2246 939 δοῦλον
2305 877 2484 961 ἔχων.

416 984 576 1064 ἐρεῖς
618 978 689 1045 δὲ
732 980 837 1044 καὶ
885 975 1377 1051 ἄδιᾶλεκτος
1418 977 1606 1063 βίος
1648 976 1756 1042 καὶ
1802 976 2265 1065 ἀγέλαστος
2306 976 2491 1063 Ιθίος

412 1083 520 1149 uoci
567 1081 891 1171 ἄγαμος
932 1082 1139 1168 βίος.
1244 1079 1558 1170 Φρύνιχος
1602 1084 1676 1147 ἐν
1697 1079 2146 1169 Μονοτρόπῳ·
2240 1079 2490 1168 ,ὄνομα

414 1186 486 1253 δέ
525 1185 771 1273 μοῦστι
816 1183 1284 1273 Μονότροπος.
1380 1188 1463 1265 ζῶ
1526 1185 1598 1251 δὲ
1669 1186 1977 1271 Τίμωνος
2018 1188 2244 1271 (codex
2285 1185 2493 1272 τίμω-

412 1294 564 1377 νον)
647 1291 820 1377 βίον,
915 1289 1204 1379 ἄγαμον,
1300 1288 1565 1379 ἄζυγον,
1639 1289 2007 1375 ὀξύθυμον,
2081 1287 2486 1377 ἀπρόσοδον,
2588 1285 2596 1300 ’

414 1394 793 1484 ἀγέλαστον,
844 1394 1248 1474 ἀδιάλεκτον,
1301 1392 1795 1483 ἰδιογνώμοναῑ.
1891 1414 2055 1480 quae
2089 1416 2123 1461 e
2146 1396 2492 1480 Phryniehi

285 1584 288 1587 ῃ
409 1503 745 1586 Adparatu
788 1502 973 1586 Soph.
1017 1502 1356 1579 fluxerunt,
1402 1501 1515 1566 ubi
1557 1502 1744 1566 hodie
1788 1520 1915 1566 nou
1961 1505 2322 1584 supersunt,
2365 1501 2491 1566 nisi

410 1606 572 1673 haee
638 1624 738 1690 ap.
826 1606 1094 1671 Bekker.
1158 1625 1215 1689 p.
1280 1604 1387 1683 25,
1460 1607 1570 1670 10:
1639 1600 2113 1688 ἀπρόσοδος
2153 1602 2375 1689 βίοςε
2442 1597 2493 1690 ᾧ

417 1707 636 1784 οὐδεὶς
676 1705 1035 1795 πρόσεισιν,
1085 1707 1211 1773 ἀλλ’
1263 1711 1510 1794 ἔρημος
1556 1712 1621 1774 et
1661 1728 1719 1792 p.
1765 1710 1869 1788 25,
1930 1709 2043 1774 14:
2088 1705 2494 1783 ’Ἀδουλος

408 1815 459 1899 β
481 1813 644 1888 loc:
701 1811 737 1879 ὁ
794 1809 893 1897 μή
951 1810 1347 1879 δουλεύοντα
1406 1810 1586 1900 ἔχων.
1679 1813 1795 1879 hos
1840 1814 2038 1897 igitur
2081 1832 2301 1880 versus
2349 1832 2495 1880 oum

412 1919 694 2004 Bergkio
737 1920 973 2003 partim
1015 1920 1109 1984 ita
1153 1918 1448 2001 equidem
1492 1917 1700 1984 scribo
1747 1918 2165 2002 suppleoque:

727 2053 1064 2090 §.mv-v..
1119 2018 1339 2107 ὄνομα
1384 2020 1456 2087 δέ
1498 2019 1741 2105 μούστὶ
1787 2016 2258 2105 Μονὸτροπος,

735 2125 991 2212 ἄζυγος,
1041 2123 1382 2211 [limpor]
1426 2127 1508 2204 ζῶ
1557 2123 1628 2189 δὲ
1684 2123 1990 2210 Τίμωνος
2032 2123 2205 2212 βίον,

725 2227 1012 2318 ἄγαμον,
1064 2228 1370 2307 ἄδουλον,
1422 2225 1795 2312 ὀξύθυμον,
1848 2224 2257 2313 ἀπρόσοδον,

726 2332 1106 2422 ἀγέλαστον,
1156 2331 1563 2410 α’διάλεκτον,
1617 2330 2082 2421 ἰδιογνώμονα.

624 2440 696 2506 V.
741 2439 783 2504 2
829 2436 1061 2525 ἄζυγος
1104 2438 1272 2522 quod
1316 2439 1422 2503 hic
1466 2439 1740 2521 reposui,
1788 2439 1980 2504 codex
2024 2457 2153 2504 non
2172 2438 2277 2504 hic
2298 2436 2496 2503 habet

413 2543 525 2608 sed
593 2548 741 2627 post
807 2540 1074 2631 ἄγαμον
1140 2546 1206 2607 et
1271 2542 1467 2608 habet
1533 2544 1968 2608 accusativum
2028 2538 2290 2630 ἄζυγον.
2381 2559 2496 2625 pro

408 2643 689 2732 ἔρημος,
737 2666 860 2732 quo
884 2649 1079 2714 codex
1105 2652 1298 2727 caret,
1346 2648 1630 2730 suppleri
1659 2652 1874 2732 potest
1896 2648 2121 2714 etiam:
2168 2644 2491 2729 ἄλεκτρος.

412 2755 609 2834 poeta
666 2771 853 2818 suum
905 2747 1356 2835 Μονὸτροπος
1412 2752 1612 2818 totius
1667 2771 1898 2818 nomen
1957 2751 2215 2817 fabulae
2258 2751 2499 2834 optime

411 2856 743 2939 inlustrat,
774 2875 890 2940 per
954 2853 1188 2943 ἄζυγος
1253 2853 1638 2940 [mamad.
1731 2856 2078 2922 tenendum
2144 2858 2242 2920 est
2308 2853 2498 2933 enim,

412 2979 469 3027 v,
531 2955 961 3044 μονότροπος
1018 2961 1098 3026 ab
1159 2961 1371 3026 atticis
1433 2961 1661 3026 eximie
1706 2960 1999 3043 usurpari
2044 2960 2119 3025 de
2143 2978 2201 3023 ·c
2221 2956 2440 3023 aelib
2463 2976 2498 3022 e

416 3067 482 3129 et
547 3080 823 3130 moroso.
910 3068 988 3130 tu
1031 3066 1320 3148 inprimis
1365 3065 1508 3130 vide
1556 3066 1634 3129 de
1678 3065 1799 3130 hac
1856 3083 1924 3129 re
1968 3063 2389 3128 Plutarchum
2432 3061 2499 3127 in

412 3168 729 3252 Pelopida
795 3188 846 3235 c.
913 3170 955 3233 3
1028 3173 1093 3234 et
1132 3170 1468 3235 Pollucem
1509 3170 1630 3247 ΠΙ,
1699 3169 1803 3234 47.
1876 3172 1941 3233 et
1981 3168 2102 3233 hac
2169 3167 2246 3231 de
2306 3183 2499 3232 causa

270 3278 276 3285 ’
409 3272 622 3356 primo
685 3273 826 3338 loco
896 3292 970 3338 ex
1037 3275 1337 3356 epithetis
1405 3277 1654 3356 septem
1709 3269 1976 3359 ἄγαμον
2033 3272 2315 3355 positum
2361 3272 2496 3336 est:

342 3444 381 3451 ,-
411 3378 494 3454 ζῶ
541 3374 616 3441 δὲ
672 3375 980 3463 Τίμωνος
1021 3376 1193 3461 βίον,
1244 3375 1512 3464 ἄγαμον
1562 3414 1659 3442 -.
1750 3378 1828 3442 V.
1873 3378 1914 3442 3
1960 3377 2157 3442 codex
2190 3380 2264 3441 ut
2308 3393 2499 3459 supra

415 3482 547 3547 dixi
612 3481 869 3553 exhibet
934 3478 1196 3568 ἄγαμον
1276 3478 1539 3569 ἄζυγον.
1658 3481 1771 3546 sed
1851 3477 2141 3566 ἄγαμον,
2215 3476 2501 3544 ἄδουλον

412 3587 649 3652 eximia
704 3587 1025 3652 restitutio
1087 3590 1186 3651 est
1238 3587 1518 3669 primum
1563 3585 1828 3670 Bergkii
1892 3585 1958 3649 in
2003 3585 2163 3649 meis
2209 3583 2500 3664 Quaestt.

413 3690 737 3773 Aristoph.
797 3710 855 3774 p.
896 3690 1028 3756 321
1076 3694 1143 3755 et
1185 3694 1410 3773 postea
1456 3691 1715 3756 demum
1757 3688 2112 3775 Hermsnni
2153 3688 2235 3753 ed
2278 3687 2498 3770 Eurip.

414 3796 840 3862 Andromach.
897 3814 957 3860 v.
1015 3794 1166 3874 580,
1234 3814 1425 3879 quem
1491 3814 1690 3860 unum
1755 3796 2082 3860 auctorem
2145 3792 2499 3858 nominavit

413 3900 774 3967 Meinekius
818 3901 886 3965 in
931 3900 1185 3983 Fragm.
1231 3899 1407 3965 Com.
1453 3899 1528 3964 V.
1577 3899 1642 3963 II
1686 3898 1756 3964 P.
1804 3900 1836 3963 I
1877 3917 1937 3981 p.
1967 3897 2124 3990 588οι
2206 3900 2271 3961 et
2292 3897 2497 3981 Berg-

332 4060 347 4077 ,
413 4005 593 4070 kium
638 4004 896 4088 quidem
938 4004 1043 4069 vix
1088 4004 1323 4077 leniter
1369 4005 1681 4086 vitupero,
1737 4004 1847 4085 qui
1891 4003 2011 4068 etsi
2055 4021 2182 4067 non
2228 4001 2500 4068 debebat

416 4113 640 4192 postea
695 4110 793 4174 De
856 4108 1149 4174 Comoed.
1195 4107 1418 4192 Antiq.
1474 4128 1535 4190 p.
1583 4107 1713 4172 372
1758 4111 2001 4173 certam
2045 4106 2501 4172 correctionem

420 4231 605 4279 suam
659 4210 948 4300 ἄγαμον,
1019 4210 1304 4278 ἄδουλον
1359 4211 1737 4295 improbare,
1799 4212 1962 4278 vidit
2013 4214 2235 4276 tamen
2278 4229 2499 4277 vocem

421 4313 662 4404 ἄζυγον
727 4317 1086 4402 Phrynicho
1145 4318 1269 4400 ipsi
1332 4318 1490 4400 cripi
1533 4336 1662 4383 non
1706 4335 1912 4399 posse,
1957 4316 2164 4400 magis
2208 4315 2499 4397 vitupero
