3099 5241
543 449 660 505 XX
827 525 839 546 ⁹
1280 451 1378 505 DE
1430 449 1888 505 FRAGMENTIS

546 647 706 690 num
772 617 945 691 enim
1023 627 1463 710 ,Democrates‘
1546 633 1610 693 et
1685 625 2058 710 ,Demonax‘
2129 646 2318 691 casus
2386 610 2632 710 obliqui

542 733 741 797 literis
801 734 1020 817 scripti
1077 752 1254 796 nunc
1310 734 1556 817 graecis
1610 753 1789 796 nunc
1841 733 2058 796 latinis
2124 731 2425 819 perfacile
2480 750 2634 795 con-

544 837 733 900 fundi
799 842 1107 921 poterant.
1209 836 1314 902 Sic
1381 839 1711 903 Antonius
1780 858 1976 921 supra
2019 836 2165 901 ‘sub
2233 836 2297 900 II
2365 836 2629 899 diserte:

550 939 934 1024 ,Democriti,
992 943 1229 1026 inquit,
1284 943 1386 1007 vel
1449 944 1811 1008 secundum
1867 942 2026 1006 alios
2081 940 2510 1005 Demonactis‘
2547 945 2633 1003 ·et

546 1047 778 1110 iterum
846 1046 967 1110 sub
1037 1067 1214 1110 num.
1281 1045 1505 1111 XXIII
1579 1046 1945 1130 ,Democriti
2027 1047 2108 1111 al.
2176 1044 2629 1111 Demonactis‘.

546 1149 693 1214 Jam
762 1170 957 1235 supra
1025 1151 1162 1214 dixi
1228 1153 1492 1216 nomina
1536 1148 2011 1235 Δημοκράτης,
2088 1146 2505 1233 Δημόκριτος
2571 1154 2633 1214 et

547 1255 882 1335 Δημῶναξ
924 1257 995 1318 in
1042 1255 1222 1319 codd.
1272 1276 1461 1341 saepe
1507 1257 1774 1321 confusa
1818 1276 1973 1321 esse.
2065 1255 2323 1338 Addere
2368 1275 2630 1340 possum

507 1361 739 1423 etiam
784 1355 1226 1442 Δημοκράτης
1292 1365 1355 1425 et
1410 1357 1829 1443 Τιμοκράτης
1896 1361 2228 1442 confundi,
2297 1380 2463 1449 quae
2528 1379 2631 1424 res

547 1464 677 1528 huc
705 1466 924 1529 minus
946 1465 1201 1528 videtur
1221 1466 1554 1549 pertinere.
1612 1465 1777 1539 Nam
1802 1464 2185 1529 Timocrates
2214 1465 2631 1549 philosophus
2724 1544 2736 1558 .

543 1567 924 1634 Heracleota
998 1571 1185 1652 isque
1250 1568 1660 1635 Demonactis
1727 1571 1929 1634 nostri
1997 1572 2300 1654 magister
2363 1589 2630 1653 gnomas

550 1673 762 1737 nullas
818 1674 1117 1757 ediderat,
1178 1675 1305 1738 nisi
1365 1676 1615 1759 egregie
1673 1675 1874 1738 fallor.
1979 1673 2095 1737 Ex
2152 1674 2268 1738 Ad
2288 1671 2628 1757 dendis.]

704 1878 799 1947 ‘H
864 1881 1036 1968 ι’σχύς
1113 1889 1230 1947 τοῦ
1317 1878 1623 1965 σώματος
1701 1877 1799 1965 μή
1874 1884 2168 1970 γενέσθω
2236 1888 2355 1966 τῆς
2421 1886 2629 1969 ψυχῆς

545 1982 896 2050 ἀσθένεια·
959 1985 1134 2074 ι’σχύν
1182 1986 1250 2051 δὲ
1298 1993 1506 2073 ψυχῆς
1551 1982 1869 2069 φρόνησιν
1917 1982 2166 2070 νόμιζε.

714 2093 1042 2157 Antonius
1088 2092 1151 2157 S.
1199 2094 1280 2159 37
1335 2090 1497 2175 Περὶ
1545 2089 1921 2174 ᾳρονήσεως
1966 2089 2073 2154 καὶ
2114 2086 2356 2177 βουλῆς
2417 2113 2475 2176 p.
2521 2092 2627 2174 38,

542 2197 662 2261 58:
697 2193 796 2260 ‘H
798 2230 805 2239 ·
834 2235 917 2243 ——
966 2192 1186 2280 νόμιζε
1233 2218 1383 2262 oum
1425 2197 1724 2261 lemmate
1769 2192 2236 2278 ,Δημὸνακτρς
2282 2197 2459 2279 (sic)‘.
2540 2197 2631 2260 At

544 2300 809 2365 eandem
877 2322 1159 2386 gnomen
1231 2302 1581 2385 ‚Clitarcho‘
1652 2301 1947 2366 tribuunt
2011 2300 2341 2393 Maximus
2407 2303 2466 2383 2,
2527 2301 2627 2383 14,

543 2407 861 2471 Arsenius
908 2408 1003 2471 ed.
1055 2406 1220 2471 Gott.
1269 2409 1327 2489 8,
1371 2408 1526 2489 4211,
1596 2405 2008 2490 Florilegium
2052 2405 2386 2490 Lipsiense
2428 2426 2493 2489 p.
2545 2406 2626 2470 15

544 2511 640 2574 ed.
687 2511 1022 2577 Westerm.
1093 2516 1177 2577 et‘
1222 2518 1347 2577 tres
1416 2511 1668 2576 codices
1727 2509 2109 2575 Boissonadi
2173 2511 2245 2574 in
2301 2510 2546 2575 Anecd.
2594 2508 2625 2572 Ι

541 2636 602 2699 p.
656 2617 798 2681 132.
888 2616 988 2680 Ita
1041 2638 1238 2701 prope
1293 2622 1539 2683 certum
1601 2620 1716 2699 est,
1775 2617 1941 2680 hanc
2000 2635 2282 2700 gnomen
2328 2614 2626 2680 Clitarchi

543 2738 703 2804 esse,
746 2715 880 2786 non
925 2740 1064 2786 esse
1107 2719 1536 2786 Demonactis.
1825 2753 1834 2762 ·

706 2928 822 2994 Ἐν
889 2928 1242 3015 ἀλὶοτρίοις
1301 2930 1790 3017 παραδείγιιασι
1849 2928 2121 2995 παίδευε
2179 2926 2457 2994 σεαυτὸν
2515 2926 2625 2993 καὶ

543 3033 818 3118 (ἔπαθἠς
862 3043 992 3099 τῶν
1036 3043 1244 3099 κακῶν
1291 3033 1433 3124 ἕκτῃ.
2211 3047 2216 3052 “

714 3142 1039 3205 Antonius
1096 3142 1154 3207 S.
1204 3144 1287 3208 37
1344 3163 1406 3227 Ρ.
1458 3142 1683 3225 39,1;
1757 3145 1830 3204 ἐν
1886 3179 1970 3187 -
2027 3136 2145 3228 ἔση
2202 3142 2367 3226 (post
2425 3141 2622 3204 alium

543 3245 756 3309 locum
789 3244 1282 3332 ,Demonactis‘y
1371 3216 1785 3311 Demonactis
1830 3250 1926 3310 est
1969 3246 2126 3309 haec
2170 3266 2403 3328 gnome
2434 3248 2624 3311 etiam
2727 3295 2734 3304 .

543 3349 715 3433 apud
770 3349 1131 3414 Maximum
1187 3352 1248 3434 2,
1296 3352 1378 3417 15
1438 3357 1500 3415 et
1557 3352 1628 3414 in
1672 3350 1947 3414 Arsenio
2005 3350 2102 3415 ed.
2152 3350 2319 3414 Gott.
2370 3352 2431 3433 Τ,
2481 3352 2620 3416 163.

545 3453 670 3519 Sed
734 3455 805 3518 in
860 3454 1196 3539 Florilegio
1239 3454 1560 3540 Lipsiensi
1617 3477 1678 3541 p.
1729 3455 1811 3520 15
1872 3454 1969 3519 ed.
2017 3454 2354 3519 Westerm.
2403 3456 2623 3519 eadem

540 3578 673 3622 non
731 3560 885 3623 huic
941 3561 1317 3645 philosopho
1380 3561 1525 3625 data
1579 3566 1675 3625 est
1730 3560 1843 3624 sed
1907 3559 2278 3643 ,Clitarcho‘,
2344 3560 2461 3624 ubi
2527 3565 2622 3624 est

539 3664 698 3727 illud
743 3670 862 3728 τοῦ
908 3660 1135 3729 αὐτοῦ.
1232 3664 1417 3742 Quod
1456 3667 1882 3750 qui·primum
1905 3665 2186 3749 scripsit,
2233 3666 2623 3748 superiorem

540 3769 817 3851 glossam
863 3765 959 3832 ‘H
1002 3766 1173 3854 ἰσχῦς
1234 3808 1318 3817 -
1378 3765 1601 3852 νόμιζε
1659 3789 1793 3834 non
1837 3768 2149 3834 Clitarcho
2212 3769 2467 3834 dederat
2511 3768 2622 3833 sed

541 3871 937 3938 Demonacti.
1030 3872 1241 3950 Quare
1298 3876 1456 3940 haec
1514 3894 1750 3960 gnome
1796 3876 2086 3939 omnium
2128 3874 2257 3938 fere
2302 3892 2622 3938 consensu

541 3997 680 4042 esse
745 3977 1002 4042 videtur
1065 3977 1494 4058 Demonactis„
1613 3978 1833 4043 Simile
1902 3979 2146 4043 dictum
2209 3977 2461 4044 Terenti
2528 3982 2623 4043 est

542 4082 604 4163 (i.
655 4101 705 4146 e.
753 4080 1114 4163 Menandri)
1159 4085 1231 4146 in
1276 4084 1625 4149 Heautont.
1669 4084 1753 4168 ΙΙ,
1802 4085 1857 4167 1,
1902 4085 1963 4151 9.

714 4292 813 4355 Αἱ
867 4293 997 4374 μὲν
1050 4285 1366 4378 χελιδόνες
1421 4288 1646 4364 εὐδίαν
1691 4289 1857 4375 ἡμῖν
1899 4289 2495 4376 προσημαίνουσιν,
2560 4294 2622 4355 οἱ

541 4393 610 4459 δὲ
655 4398 720 4459 ἐκ
767 4395 1150 4481 φιλοσοφίας
1194 4392 1375 4485 λόγοι
1420 4393 1728 4462 ἀλυπίαν.
