<?xml version="1.0" encoding="UTF-8"?>
<!DOCTYPE html PUBLIC "-//W3C//DTD XHTML 1.0 Transitional//EN"
    "http://www.w3.org/TR/xhtml1/DTD/xhtml1-transitional.dtd">
<html xmlns="http://www.w3.org/1999/xhtml" xml:lang="en" lang="en">
 <head>
  <title>
</title>
<meta http-equiv="Content-Type" content="text/html;charset=utf-8" />
  <meta name='ocr-system' content='tesseract 3.04.00' />
  <meta name='ocr-capabilities' content='ocr_page ocr_carea ocr_par ocr_line ocrx_word'/>
</head>
<body>
  <div class='ocr_page' id='page_1' title='image "./lucianussamosat01fritgoog_0369.png"; bbox 0 0 3099 5241; ppageno 0'>
   <div class='ocr_carea' id='block_1_1' title="bbox 1304 432 2594 496">
    <p class='ocr_par' dir='ltr' id='par_1_1' title="bbox 1304 432 2594 496">
     <span class='ocr_line' id='line_1_1' title="bbox 1304 432 2594 496; baseline 0 -1"><span class='ocrx_word' id='word_1_1' title='bbox 1304 438 1810 495; x_wconf 78' lang='lat' dir='ltr'><strong>PEDESTRIBUS.</strong></span> <span class='ocrx_word' id='word_1_2' title='bbox 2464 432 2594 496; x_wconf 80' lang='lat' dir='ltr'><strong>XCI</strong></span> 
     </span>
    </p>
   </div>
   <div class='ocr_carea' id='block_1_2' title="bbox 504 605 2608 3623">
    <p class='ocr_par' dir='ltr' id='par_1_2' title="bbox 504 605 2608 3623">
     <span class='ocr_line' id='line_1_2' title="bbox 504 605 2592 700; baseline -0.001 -19"><span class='ocrx_word' id='word_1_3' title='bbox 504 635 682 681; x_wconf 85' lang='lat' dir='ltr'><strong>raros</strong></span> <span class='ocrx_word' id='word_1_4' title='bbox 754 605 1029 681; x_wconf 79' lang='lat' dir='ltr'><strong>inseruit</strong></span> <span class='ocrx_word' id='word_1_5' title='bbox 1102 622 1366 700; x_wconf 88' lang='lat' dir='ltr'><strong>tamque</strong></span> <span class='ocrx_word' id='word_1_6' title='bbox 1439 616 1744 700; x_wconf 88' lang='lat' dir='ltr'><strong>latentes,</strong></span> <span class='ocrx_word' id='word_1_7' title='bbox 1832 621 1908 682; x_wconf 88' lang='lat' dir='ltr'><strong>ut</strong></span> <span class='ocrx_word' id='word_1_8' title='bbox 1980 617 2107 680; x_wconf 87' lang='lat' dir='ltr'><strong>nisi</strong></span> <span class='ocrx_word' id='word_1_9' title='bbox 2182 615 2297 698; x_wconf 89' lang='lat' dir='ltr'><strong>qui</strong></span> <span class='ocrx_word' id='word_1_10' title='bbox 2370 632 2592 680; x_wconf 84' lang='lat' dir='ltr'><strong>eorum</strong></span> 
     </span>
     <span class='ocr_line' id='line_1_3' title="bbox 508 719 2608 806; baseline -0.001 -22"><span class='ocrx_word' id='word_1_11' title='bbox 508 721 833 786; x_wconf 85' lang='lat' dir='ltr'><strong>doctrinae</strong></span> <span class='ocrx_word' id='word_1_12' title='bbox 875 722 1304 805; x_wconf 88' lang='lat' dir='ltr'><strong>peritissimus</strong></span> <span class='ocrx_word' id='word_1_13' title='bbox 1347 722 1562 802; x_wconf 86' lang='lat' dir='ltr'><strong>fuerit,</strong></span> <span class='ocrx_word' id='word_1_14' title='bbox 1607 725 1864 806; x_wconf 89' lang='lat' dir='ltr'><strong>pateant</strong></span> <span class='ocrx_word' id='word_1_15' title='bbox 1908 722 2168 785; x_wconf 88' lang='lat' dir='ltr'><strong>nemini.</strong></span> <span class='ocrx_word' id='word_1_16' title='bbox 2257 719 2343 784; x_wconf 82' lang='lat' dir='ltr'><strong>Et</strong></span> <span class='ocrx_word' id='word_1_17' title='bbox 2389 738 2608 803; x_wconf 32' lang='lat' dir='ltr'><strong>quum,</strong></span> 
     </span>
     <span class='ocr_line' id='line_1_4' title="bbox 505 824 2594 908; baseline 0 -20"><span class='ocrx_word' id='word_1_18' title='bbox 505 824 1018 907; x_wconf 78' lang='lat' dir='ltr'><strong>Thrasymachus</strong></span> <span class='ocrx_word' id='word_1_19' title='bbox 1103 827 1405 889; x_wconf 86' lang='lat' dir='ltr'><strong>inventor</strong></span> <span class='ocrx_word' id='word_1_20' title='bbox 1491 826 1749 889; x_wconf 88' lang='lat' dir='ltr'><strong>aurium</strong></span> <span class='ocrx_word' id='word_1_21' title='bbox 1836 826 2121 889; x_wconf 80' lang='lat' dir='ltr'><strong>maxime</strong></span> <span class='ocrx_word' id='word_1_22' title='bbox 2198 824 2594 908; x_wconf 84' lang='lat' dir='ltr'><strong>voluptatem</strong></span> 
     </span>
     <span class='ocr_line' id='line_1_5' title="bbox 507 928 2598 1013; baseline -0 -20"><span class='ocrx_word' id='word_1_23' title='bbox 507 934 787 993; x_wconf 81' lang='lat' dir='ltr'><strong>sectatus</strong></span> <span class='ocrx_word' id='word_1_24' title='bbox 833 931 931 1012; x_wconf 89' lang='lat' dir='ltr'><strong>sit,</strong></span> <span class='ocrx_word' id='word_1_25' title='bbox 975 928 1138 993; x_wconf 88' lang='lat' dir='ltr'><strong>nihil</strong></span> <span class='ocrx_word' id='word_1_26' title='bbox 1184 948 1398 1013; x_wconf 91' lang='lat' dir='ltr'><strong>neque</strong></span> <span class='ocrx_word' id='word_1_27' title='bbox 1445 929 1702 993; x_wconf 87' lang='lat' dir='ltr'><strong>dulcius</strong></span> <span class='ocrx_word' id='word_1_28' title='bbox 1732 929 2055 994; x_wconf 81' lang='lat' dir='ltr'>Herodoto</span> <span class='ocrx_word' id='word_1_29' title='bbox 2100 929 2362 1013; x_wconf 86' lang='lat' dir='ltr'><strong>cogitari</strong></span> <span class='ocrx_word' id='word_1_30' title='bbox 2391 932 2598 1012; x_wconf 89' lang='lat' dir='ltr'><strong>potest</strong></span> 
     </span>
     <span class='ocr_line' id='line_1_6' title="bbox 506 1031 2595 1117; baseline -0.001 -20"><span class='ocrx_word' id='word_1_31' title='bbox 506 1052 721 1117; x_wconf 89' lang='lat' dir='ltr'><strong>neque</strong></span> <span class='ocrx_word' id='word_1_32' title='bbox 766 1032 959 1116; x_wconf 81' lang='lat' dir='ltr'><strong>Lysia</strong></span> <span class='ocrx_word' id='word_1_33' title='bbox 1017 1035 1376 1099; x_wconf 79' lang='lat' dir='ltr'><strong>venustius.</strong></span> <span class='ocrx_word' id='word_1_34' title='bbox 1466 1034 1687 1098; x_wconf 87' lang='lat' dir='ltr'><strong>Manet</strong></span> <span class='ocrx_word' id='word_1_35' title='bbox 1744 1035 1944 1117; x_wconf 85' lang='lat' dir='ltr'><strong>igitur</strong></span> <span class='ocrx_word' id='word_1_36' title='bbox 1984 1031 2438 1114; x_wconf 81' lang='lat' dir='ltr'><strong>Thrasymachi</strong></span> <span class='ocrx_word' id='word_1_37' title='bbox 2495 1033 2595 1095; x_wconf 88' lang='lat' dir='ltr'><strong>in-</strong></span> 
     </span>
     <span class='ocr_line' id='line_1_7' title="bbox 506 1138 2597 1221; baseline 0 -22"><span class='ocrx_word' id='word_1_38' title='bbox 506 1142 776 1201; x_wconf 77' lang='lat' dir='ltr'><strong>ventum</strong></span> <span class='ocrx_word' id='word_1_39' title='bbox 842 1139 911 1201; x_wconf 91' lang='lat' dir='ltr'><strong>in</strong></span> <span class='ocrx_word' id='word_1_40' title='bbox 981 1157 1100 1202; x_wconf 87' lang='lat' dir='ltr'><strong>suo</strong></span> <span class='ocrx_word' id='word_1_41' title='bbox 1165 1157 1399 1221; x_wconf 86' lang='lat' dir='ltr'><strong>genere</strong></span> <span class='ocrx_word' id='word_1_42' title='bbox 1462 1138 1661 1202; x_wconf 89' lang='lat' dir='ltr'><strong>fuisse</strong></span> <span class='ocrx_word' id='word_1_43' title='bbox 1716 1138 2095 1219; x_wconf 83' lang='lat' dir='ltr'><strong>maximum,</strong></span> <span class='ocrx_word' id='word_1_44' title='bbox 2161 1138 2597 1201; x_wconf 87' lang='lat' dir='ltr'><strong>necessarium</strong></span> 
     </span>
     <span class='ocr_line' id='line_1_8' title="bbox 505 1241 2597 1325; baseline -0.001 -20"><span class='ocrx_word' id='word_1_45' title='bbox 505 1260 638 1305; x_wconf 89' lang='lat' dir='ltr'><strong>non</strong></span> <span class='ocrx_word' id='word_1_46' title='bbox 681 1241 900 1306; x_wconf 84' lang='lat' dir='ltr'><strong>fuisse.</strong></span> <span class='ocrx_word' id='word_1_47' title='bbox 993 1241 1187 1306; x_wconf 89' lang='lat' dir='ltr'><strong>Porro</strong></span> <span class='ocrx_word' id='word_1_48' title='bbox 1233 1241 1578 1323; x_wconf 82' lang='lat' dir='ltr'><strong>dubitanti,</strong></span> <span class='ocrx_word' id='word_1_49' title='bbox 1625 1241 1848 1325; x_wconf 85' lang='lat' dir='ltr'><strong>quales</strong></span> <span class='ocrx_word' id='word_1_50' title='bbox 1889 1242 1959 1305; x_wconf 88' lang='lat' dir='ltr'><strong>hi</strong></span> <span class='ocrx_word' id='word_1_51' title='bbox 1996 1242 2255 1305; x_wconf 88' lang='lat' dir='ltr'><strong>numeri</strong></span> <span class='ocrx_word' id='word_1_52' title='bbox 2284 1244 2350 1304; x_wconf 91' lang='lat' dir='ltr'><strong>et</strong></span> <span class='ocrx_word' id='word_1_53' title='bbox 2377 1245 2597 1303; x_wconf 86' lang='lat' dir='ltr'><strong>utrum</strong></span> 
     </span>
     <span class='ocr_line' id='line_1_9' title="bbox 509 1343 2597 1430; baseline 0 -21"><span class='ocrx_word' id='word_1_54' title='bbox 509 1345 641 1409; x_wconf 88' lang='lat' dir='ltr'><strong>sint</strong></span> <span class='ocrx_word' id='word_1_55' title='bbox 681 1346 915 1429; x_wconf 71' lang='lat' dir='ltr'><strong>poetici</strong></span> <span class='ocrx_word' id='word_1_56' title='bbox 959 1365 1043 1410; x_wconf 92' lang='lat' dir='ltr'><strong>an</strong></span> <span class='ocrx_word' id='word_1_57' title='bbox 1088 1365 1173 1412; x_wconf 82' lang='lat' dir='ltr'><strong>ex</strong></span> <span class='ocrx_word' id='word_1_58' title='bbox 1217 1346 1341 1410; x_wconf 88' lang='lat' dir='ltr'><strong>alio</strong></span> <span class='ocrx_word' id='word_1_59' title='bbox 1372 1365 1607 1430; x_wconf 86' lang='lat' dir='ltr'><strong>genere</strong></span> <span class='ocrx_word' id='word_1_60' title='bbox 1640 1345 1943 1430; x_wconf 89' lang='lat' dir='ltr'><strong>quodam,</strong></span> <span class='ocrx_word' id='word_1_61' title='bbox 1989 1344 2208 1410; x_wconf 90' lang='lat' dir='ltr'><strong>Cicero</strong></span> <span class='ocrx_word' id='word_1_62' title='bbox 2238 1347 2308 1409; x_wconf 91' lang='lat' dir='ltr'><strong>in</strong></span> <span class='ocrx_word' id='word_1_63' title='bbox 2335 1343 2597 1410; x_wconf 77' lang='lat' dir='ltr'><strong>Oratore</strong></span> 
     </span>
     <span class='ocr_line' id='line_1_10' title="bbox 511 1449 2596 1534; baseline 0 -21"><span class='ocrx_word' id='word_1_64' title='bbox 511 1467 563 1513; x_wconf 92' lang='lat' dir='ltr'><strong>c.</strong></span> <span class='ocrx_word' id='word_1_65' title='bbox 611 1449 698 1515; x_wconf 82' lang='lat'><strong>56</strong></span> <span class='ocrx_word' id='word_1_66' title='bbox 757 1449 1101 1534; x_wconf 85' lang='lat' dir='ltr'><strong>respondet</strong></span> <span class='ocrx_word' id='word_1_67' title='bbox 1153 1452 1437 1534; x_wconf 69' lang='lat' dir='ltr'><strong>poeticos</strong></span> <span class='ocrx_word' id='word_1_68' title='bbox 1497 1469 1673 1516; x_wconf 83' lang='lat' dir='ltr'><strong>esse:</strong></span> <span class='ocrx_word' id='word_1_69' title='bbox 1742 1468 1954 1534; x_wconf 90' lang='lat' dir='ltr'><strong>neque</strong></span> <span class='ocrx_word' id='word_1_70' title='bbox 2022 1450 2197 1513; x_wconf 92' lang='lat' dir='ltr'><strong>enim</strong></span> <span class='ocrx_word' id='word_1_71' title='bbox 2250 1468 2596 1513; x_wconf 87' lang='lat' dir='ltr'><strong>numerum</strong></span> 
     </span>
     <span class='ocr_line' id='line_1_11' title="bbox 510 1554 2596 1637; baseline -0 -19"><span class='ocrx_word' id='word_1_72' title='bbox 510 1558 691 1618; x_wconf 83' lang='lat' dir='ltr'><strong>extra</strong></span> <span class='ocrx_word' id='word_1_73' title='bbox 746 1555 1028 1637; x_wconf 73' lang='lat' dir='ltr'><strong>poeticos</strong></span> <span class='ocrx_word' id='word_1_74' title='bbox 1086 1556 1287 1619; x_wconf 87' lang='lat' dir='ltr'><strong>alium</strong></span> <span class='ocrx_word' id='word_1_75' title='bbox 1345 1555 1551 1619; x_wconf 90' lang='lat' dir='ltr'><strong>ullum</strong></span> <span class='ocrx_word' id='word_1_76' title='bbox 1611 1560 1881 1619; x_wconf 83' lang='lat' dir='ltr'><strong>exstare.</strong></span> <span class='ocrx_word' id='word_1_77' title='bbox 1968 1554 2316 1620; x_wconf 80' lang='lat' dir='ltr'><strong>Enimvero</strong></span> <span class='ocrx_word' id='word_1_78' title='bbox 2372 1559 2596 1618; x_wconf 86' lang='lat' dir='ltr'><strong>tenen-</strong></span> 
     </span>
     <span class='ocr_line' id='line_1_12' title="bbox 512 1657 2598 1747; baseline 0 -27"><span class='ocrx_word' id='word_1_79' title='bbox 512 1657 671 1721; x_wconf 91' lang='lat' dir='ltr'><strong>dum</strong></span> <span class='ocrx_word' id='word_1_80' title='bbox 716 1663 853 1747; x_wconf 40' lang='lat' dir='ltr'><strong>est,N</strong></span> <span class='ocrx_word' id='word_1_81' title='bbox 877 1677 1179 1723; x_wconf 87' lang='lat' dir='ltr'><strong>numeros</strong></span> <span class='ocrx_word' id='word_1_82' title='bbox 1223 1658 1564 1743; x_wconf 89' lang='lat' dir='ltr'><strong>plerosque</strong></span> <span class='ocrx_word' id='word_1_83' title='bbox 1609 1678 1854 1743; x_wconf 79' lang='lat' dir='ltr'><strong>omneS,</strong></span> <span class='ocrx_word' id='word_1_84' title='bbox 1897 1660 1964 1723; x_wconf 91' lang='lat' dir='ltr'><strong>id</strong></span> <span class='ocrx_word' id='word_1_85' title='bbox 2011 1659 2183 1743; x_wconf 90' lang='lat' dir='ltr'><strong>quod</strong></span> <span class='ocrx_word' id='word_1_86' title='bbox 2216 1658 2295 1723; x_wconf 91' lang='lat' dir='ltr'><strong>de</strong></span> <span class='ocrx_word' id='word_1_87' title='bbox 2323 1658 2598 1738; x_wconf 84' lang='lat' dir='ltr'><strong>Thrasy-</strong></span> 
     </span>
     <span class='ocr_line' id='line_1_13' title="bbox 511 1762 2598 1847; baseline -0 -21"><span class='ocrx_word' id='word_1_88' title='bbox 511 1762 736 1826; x_wconf 84' lang='lat' dir='ltr'><strong>macho</strong></span> <span class='ocrx_word' id='word_1_89' title='bbox 779 1762 946 1828; x_wconf 74' lang='lat' dir='ltr'><strong>iufra</strong></span> <span class='ocrx_word' id='word_1_90' title='bbox 992 1762 1463 1845; x_wconf 86' lang='lat' dir='ltr'><strong>demonstrabo,</strong></span> <span class='ocrx_word' id='word_1_91' title='bbox 1506 1764 1578 1827; x_wconf 88' lang='lat' dir='ltr'><strong>in</strong></span> <span class='ocrx_word' id='word_1_92' title='bbox 1625 1765 1975 1828; x_wconf 86' lang='lat' dir='ltr'><strong>orationem</strong></span> <span class='ocrx_word' id='word_1_93' title='bbox 2021 1783 2057 1828; x_wconf 92' lang='lat' dir='ltr'><strong>e</strong></span> <span class='ocrx_word' id='word_1_94' title='bbox 2100 1763 2302 1846; x_wconf 86' lang='lat' dir='ltr'><strong>lyrica</strong></span> <span class='ocrx_word' id='word_1_95' title='bbox 2344 1762 2598 1847; x_wconf 86' lang='lat' dir='ltr'><strong>potissi-</strong></span> 
     </span>
     <span class='ocr_line' id='line_1_14' title="bbox 511 1865 2597 1953; baseline 0 -24"><span class='ocrx_word' id='word_1_96' title='bbox 511 1885 693 1930; x_wconf 89' lang='lat' dir='ltr'><strong>mum</strong></span> <span class='ocrx_word' id='word_1_97' title='bbox 746 1869 926 1951; x_wconf 77' lang='lat' dir='ltr'><strong>poe&#39;si</strong></span> <span class='ocrx_word' id='word_1_98' title='bbox 973 1869 1253 1953; x_wconf 88' lang='lat' dir='ltr'><strong>primum</strong></span> <span class='ocrx_word' id='word_1_99' title='bbox 1300 1867 1640 1933; x_wconf 88' lang='lat' dir='ltr'><strong>translatos</strong></span> <span class='ocrx_word' id='word_1_100' title='bbox 1685 1886 1842 1933; x_wconf 89' lang='lat' dir='ltr'><strong>esse.</strong></span> <span class='ocrx_word' id='word_1_101' title='bbox 1934 1866 2071 1932; x_wconf 89' lang='lat' dir='ltr'><strong>Nec</strong></span> <span class='ocrx_word' id='word_1_102' title='bbox 2126 1865 2369 1948; x_wconf 86' lang='lat' dir='ltr'><strong>dubito,</strong></span> <span class='ocrx_word' id='word_1_103' title='bbox 2438 1867 2597 1950; x_wconf 88' lang='lat' dir='ltr'><strong>quin</strong></span> 
     </span>
     <span class='ocr_line' id='line_1_15' title="bbox 514 1970 2600 2056; baseline -0.001 -22"><span class='ocrx_word' id='word_1_104' title='bbox 514 1974 578 2034; x_wconf 89' lang='lat' dir='ltr'><strong>et</strong></span> <span class='ocrx_word' id='word_1_105' title='bbox 634 1974 887 2036; x_wconf 86' lang='lat' dir='ltr'><strong>novitas</strong></span> <span class='ocrx_word' id='word_1_106' title='bbox 946 1974 1040 2037; x_wconf 90' lang='lat' dir='ltr'><strong>rei</strong></span> <span class='ocrx_word' id='word_1_107' title='bbox 1082 1977 1145 2037; x_wconf 89' lang='lat' dir='ltr'><strong>et</strong></span> <span class='ocrx_word' id='word_1_108' title='bbox 1189 1973 1305 2055; x_wconf 85' lang='lat' dir='ltr'><strong>(uti</strong></span> <span class='ocrx_word' id='word_1_109' title='bbox 1352 1976 1492 2035; x_wconf 91' lang='lat' dir='ltr'><strong>tum</strong></span> <span class='ocrx_word' id='word_1_110' title='bbox 1537 1970 1897 2053; x_wconf 85' lang='lat' dir='ltr'><strong>videbatur)</strong></span> <span class='ocrx_word' id='word_1_111' title='bbox 1944 1991 2178 2056; x_wconf 85' lang='lat' dir='ltr'><strong>magna</strong></span> <span class='ocrx_word' id='word_1_112' title='bbox 2218 1970 2600 2055; x_wconf 82' lang='lat' dir='ltr'><strong>perversitas</strong></span> 
     </span>
     <span class='ocr_line' id='line_1_16' title="bbox 516 2073 2600 2158; baseline -0 -20"><span class='ocrx_word' id='word_1_113' title='bbox 516 2073 863 2139; x_wconf 88' lang='lat' dir='ltr'><strong>multorum</strong></span> <span class='ocrx_word' id='word_1_114' title='bbox 950 2077 1198 2141; x_wconf 89' lang='lat' dir='ltr'><strong>animos</strong></span> <span class='ocrx_word' id='word_1_115' title='bbox 1284 2076 1635 2141; x_wconf 88' lang='lat' dir='ltr'><strong>offenderit.</strong></span> <span class='ocrx_word' id='word_1_116' title='bbox 1758 2075 2032 2141; x_wconf 82' lang='lat' dir='ltr'><strong>Graecos</strong></span> <span class='ocrx_word' id='word_1_117' title='bbox 2116 2080 2326 2141; x_wconf 88' lang='lat' dir='ltr'><strong>tamen</strong></span> <span class='ocrx_word' id='word_1_118' title='bbox 2405 2075 2600 2158; x_wconf 89' lang='lat' dir='ltr'><strong>hujus</strong></span> 
     </span>
     <span class='ocr_line' id='line_1_17' title="bbox 517 2178 2600 2245; baseline 0.001 -4"><span class='ocrx_word' id='word_1_119' title='bbox 517 2178 885 2244; x_wconf 87' lang='lat' dir='ltr'><strong>offensionis</strong></span> <span class='ocrx_word' id='word_1_120' title='bbox 953 2185 1243 2244; x_wconf 87' lang='lat' dir='ltr'><strong>auctores</strong></span> <span class='ocrx_word' id='word_1_121' title='bbox 1310 2181 1521 2244; x_wconf 88' lang='lat' dir='ltr'><strong>adhuc</strong></span> <span class='ocrx_word' id='word_1_122' title='bbox 1591 2180 1914 2244; x_wconf 86' lang='lat' dir='ltr'><strong>desidero:</strong></span> <span class='ocrx_word' id='word_1_123' title='bbox 1993 2180 2071 2245; x_wconf 92' lang='lat' dir='ltr'><strong>de</strong></span> <span class='ocrx_word' id='word_1_124' title='bbox 2144 2180 2362 2244; x_wconf 89' lang='lat' dir='ltr'><strong>latinis</strong></span> <span class='ocrx_word' id='word_1_125' title='bbox 2427 2180 2600 2243; x_wconf 90' lang='lat' dir='ltr'><strong>enim</strong></span> 
     </span>
     <span class='ocr_line' id='line_1_18' title="bbox 519 2281 2600 2368; baseline 0 -22"><span class='ocrx_word' id='word_1_126' title='bbox 519 2281 891 2348; x_wconf 86' lang='lat' dir='ltr'><strong>Ciceronem</strong></span> <span class='ocrx_word' id='word_1_127' title='bbox 935 2286 1004 2349; x_wconf 89' lang='lat' dir='ltr'><strong>in</strong></span> <span class='ocrx_word' id='word_1_128' title='bbox 1052 2283 1312 2350; x_wconf 84' lang='lat' dir='ltr'><strong>Oratore</strong></span> <span class='ocrx_word' id='word_1_129' title='bbox 1357 2305 1410 2348; x_wconf 86' lang='lat' dir='ltr'><strong>c.</strong></span> <span class='ocrx_word' id='word_1_130' title='bbox 1442 2285 1531 2350; x_wconf 83' lang='lat'><strong>54</strong></span> <span class='ocrx_word' id='word_1_131' title='bbox 1575 2285 1757 2368; x_wconf 90' lang='lat' dir='ltr'><strong>loqui</strong></span> <span class='ocrx_word' id='word_1_132' title='bbox 1802 2284 2085 2349; x_wconf 85' lang='lat' dir='ltr'><strong>arbitror.</strong></span> <span class='ocrx_word' id='word_1_133' title='bbox 2175 2284 2301 2348; x_wconf 83' lang='lat' dir='ltr'><strong>Sed</strong></span> <span class='ocrx_word' id='word_1_134' title='bbox 2328 2282 2600 2365; x_wconf 82' lang='lat' dir='ltr'><strong>Thrasy-</strong></span> 
     </span>
     <span class='ocr_line' id='line_1_19' title="bbox 517 2388 2602 2472; baseline -0 -21"><span class='ocrx_word' id='word_1_135' title='bbox 517 2388 730 2452; x_wconf 85' lang='lat' dir='ltr'><strong>machi</strong></span> <span class='ocrx_word' id='word_1_136' title='bbox 774 2389 1134 2454; x_wconf 89' lang='lat' dir='ltr'><strong>defensores</strong></span> <span class='ocrx_word' id='word_1_137' title='bbox 1179 2390 1370 2453; x_wconf 87' lang='lat' dir='ltr'><strong>etiam</strong></span> <span class='ocrx_word' id='word_1_138' title='bbox 1402 2388 1635 2472; x_wconf 88' lang='lat' dir='ltr'><strong>cupide</strong></span> <span class='ocrx_word' id='word_1_139' title='bbox 1667 2389 2026 2472; x_wconf 86' lang='lat' dir='ltr'><strong>disputasse</strong></span> <span class='ocrx_word' id='word_1_140' title='bbox 2058 2388 2361 2451; x_wconf 85' lang='lat' dir='ltr'><strong>videntur</strong></span> <span class='ocrx_word' id='word_1_141' title='bbox 2389 2405 2602 2470; x_wconf 89' lang='lat' dir='ltr'><strong>neque</strong></span> 
     </span>
     <span class='ocr_line' id='line_1_20' title="bbox 516 2492 2602 2578; baseline -0.001 -22"><span class='ocrx_word' id='word_1_142' title='bbox 516 2492 696 2557; x_wconf 85' lang='lat' dir='ltr'><strong>falsis</strong></span> <span class='ocrx_word' id='word_1_143' title='bbox 737 2496 1107 2578; x_wconf 87' lang='lat' dir='ltr'><strong>ineptisque</strong></span> <span class='ocrx_word' id='word_1_144' title='bbox 1150 2494 1545 2578; x_wconf 86' lang='lat' dir='ltr'><strong>argumentis</strong></span> <span class='ocrx_word' id='word_1_145' title='bbox 1609 2493 2017 2575; x_wconf 84' lang='lat' dir='ltr'><strong>abstinuisse,</strong></span> <span class='ocrx_word' id='word_1_146' title='bbox 2073 2493 2131 2557; x_wconf 90' lang='lat' dir='ltr'><strong>si</strong></span> <span class='ocrx_word' id='word_1_147' title='bbox 2185 2497 2398 2556; x_wconf 89' lang='lat' dir='ltr'><strong>tamen</strong></span> <span class='ocrx_word' id='word_1_148' title='bbox 2460 2493 2602 2575; x_wconf 89' lang='lat' dir='ltr'><strong>qui-</strong></span> 
     </span>
     <span class='ocr_line' id='line_1_21' title="bbox 521 2597 2602 2682; baseline -0 -20"><span class='ocrx_word' id='word_1_149' title='bbox 521 2597 667 2662; x_wconf 87' lang='lat' dir='ltr'><strong>dam</strong></span> <span class='ocrx_word' id='word_1_150' title='bbox 732 2599 865 2682; x_wconf 87' lang='lat' dir='ltr'><strong>jam</strong></span> <span class='ocrx_word' id='word_1_151' title='bbox 941 2605 1080 2665; x_wconf 86' lang='lat' dir='ltr'><strong>tum</strong></span> <span class='ocrx_word' id='word_1_152' title='bbox 1156 2599 1493 2679; x_wconf 80' lang='lat' dir='ltr'><strong>dixerunt,</strong></span> <span class='ocrx_word' id='word_1_153' title='bbox 1579 2597 1928 2681; x_wconf 84' lang='lat' dir='ltr'><strong>lyricorum</strong></span> <span class='ocrx_word' id='word_1_154' title='bbox 2016 2600 2299 2662; x_wconf 87' lang='lat' dir='ltr'><strong>carmina</strong></span> <span class='ocrx_word' id='word_1_155' title='bbox 2373 2597 2602 2682; x_wconf 88' lang='lat' dir='ltr'><strong>partim</strong></span> 
     </span>
     <span class='ocr_line' id='line_1_22' title="bbox 520 2701 2603 2786; baseline -0 -20"><span class='ocrx_word' id='word_1_156' title='bbox 520 2703 763 2769; x_wconf 88' lang='lat' dir='ltr'><strong>solutae</strong></span> <span class='ocrx_word' id='word_1_157' title='bbox 838 2704 1108 2768; x_wconf 87' lang='lat' dir='ltr'><strong>orationi</strong></span> <span class='ocrx_word' id='word_1_158' title='bbox 1181 2721 1320 2768; x_wconf 89' lang='lat' dir='ltr'><strong>esse</strong></span> <span class='ocrx_word' id='word_1_159' title='bbox 1394 2702 1740 2766; x_wconf 89' lang='lat' dir='ltr'><strong>simillima.</strong></span> <span class='ocrx_word' id='word_1_160' title='bbox 1840 2702 1939 2766; x_wconf 87' lang='lat' dir='ltr'><strong>Ita</strong></span> <span class='ocrx_word' id='word_1_161' title='bbox 2013 2704 2185 2767; x_wconf 90' lang='lat' dir='ltr'><strong>enim</strong></span> <span class='ocrx_word' id='word_1_162' title='bbox 2260 2711 2357 2767; x_wconf 88' lang='lat' dir='ltr'><strong>est</strong></span> <span class='ocrx_word' id='word_1_163' title='bbox 2430 2701 2603 2786; x_wconf 88' lang='lat' dir='ltr'><strong>apud</strong></span> 
     </span>
     <span class='ocr_line' id='line_1_23' title="bbox 520 2805 2601 2892; baseline -0.001 -20"><span class='ocrx_word' id='word_1_164' title='bbox 520 2806 906 2889; x_wconf 81' lang='lat' dir='ltr'><strong>Dionysium</strong></span> <span class='ocrx_word' id='word_1_165' title='bbox 952 2806 1098 2871; x_wconf 87' lang='lat' dir='ltr'><strong>Hal.</strong></span> <span class='ocrx_word' id='word_1_166' title='bbox 1145 2806 1242 2871; x_wconf 92' lang='lat' dir='ltr'><strong>De</strong></span> <span class='ocrx_word' id='word_1_167' title='bbox 1289 2805 1505 2891; x_wconf 89' lang='lat' dir='ltr'><strong>Comp.</strong></span> <span class='ocrx_word' id='word_1_168' title='bbox 1555 2805 1748 2871; x_wconf 89' lang='lat' dir='ltr'><strong>Verb.</strong></span> <span class='ocrx_word' id='word_1_169' title='bbox 1798 2826 1852 2871; x_wconf 89' lang='lat' dir='ltr'><strong>c.</strong></span> <span class='ocrx_word' id='word_1_170' title='bbox 1900 2808 1984 2872; x_wconf 79' lang='lat'><strong>26</strong></span> <span class='ocrx_word' id='word_1_171' title='bbox 2030 2827 2090 2892; x_wconf 89' lang='lat' dir='ltr'><strong>p.</strong></span> <span class='ocrx_word' id='word_1_172' title='bbox 2137 2807 2268 2873; x_wconf 88' lang='lat'><strong>430</strong></span> <span class='ocrx_word' id='word_1_173' title='bbox 2312 2806 2409 2870; x_wconf 87' lang='lat' dir='ltr'><strong>ed.</strong></span> <span class='ocrx_word' id='word_1_174' title='bbox 2456 2805 2601 2871; x_wconf 87' lang='lat' dir='ltr'><strong>Sch.</strong></span> 
     </span>
     <span class='ocr_line' id='line_1_24' title="bbox 519 2910 2604 2997; baseline -0 -22"><span class='ocrx_word' id='word_1_175' title='bbox 519 2914 804 2996; x_wconf 85' lang='lat' dir='ltr'><strong>itemque</strong></span> <span class='ocrx_word' id='word_1_176' title='bbox 862 2932 960 2997; x_wconf 88' lang='lat' dir='ltr'><strong>ap.</strong></span> <span class='ocrx_word' id='word_1_177' title='bbox 1011 2911 1382 2976; x_wconf 87' lang='lat' dir='ltr'><strong>Ciceronem</strong></span> <span class='ocrx_word' id='word_1_178' title='bbox 1440 2912 1510 2974; x_wconf 91' lang='lat' dir='ltr'><strong>in</strong></span> <span class='ocrx_word' id='word_1_179' title='bbox 1560 2910 1818 2975; x_wconf 85' lang='lat' dir='ltr'><strong>Oratore</strong></span> <span class='ocrx_word' id='word_1_180' title='bbox 1864 2931 1917 2974; x_wconf 88' lang='lat' dir='ltr'><strong>c.</strong></span> <span class='ocrx_word' id='word_1_181' title='bbox 1963 2912 2071 2993; x_wconf 77' lang='lat'><strong>55,</strong></span> <span class='ocrx_word' id='word_1_182' title='bbox 2133 2910 2456 2975; x_wconf 86' lang='lat' dir='ltr'><strong>Ciceronis</strong></span> <span class='ocrx_word' id='word_1_183' title='bbox 2500 2912 2604 2974; x_wconf 88' lang='lat' dir='ltr'><strong>sui</strong></span> 
     </span>
     <span class='ocr_line' id='line_1_25' title="bbox 521 3014 2604 3101; baseline 0.001 -24"><span class='ocrx_word' id='word_1_184' title='bbox 521 3019 791 3101; x_wconf 82' lang='lat' dir='ltr'><strong>vestigia</strong></span> <span class='ocrx_word' id='word_1_185' title='bbox 835 3016 934 3098; x_wconf 89' lang='lat' dir='ltr'><strong>(ut</strong></span> <span class='ocrx_word' id='word_1_186' title='bbox 977 3019 1153 3101; x_wconf 87' lang='lat' dir='ltr'><strong>puto)</strong></span> <span class='ocrx_word' id='word_1_187' title='bbox 1198 3017 1449 3101; x_wconf 85' lang='lat' dir='ltr'><strong>legente</strong></span> <span class='ocrx_word' id='word_1_188' title='bbox 1481 3014 1878 3091; x_wconf 80' lang='lat' dir='ltr'><strong>Quintiliano</strong></span> <span class='ocrx_word' id='word_1_189' title='bbox 1908 3014 2030 3096; x_wconf 90' lang='lat' dir='ltr'><strong>IX,</strong></span> <span class='ocrx_word' id='word_1_190' title='bbox 2059 3017 2124 3097; x_wconf 92' lang='lat'><strong>4,</strong></span> <span class='ocrx_word' id='word_1_191' title='bbox 2155 3017 2241 3081; x_wconf 77' lang='lat'><strong>53</strong></span> <span class='ocrx_word' id='word_1_192' title='bbox 2284 3017 2353 3078; x_wconf 89' lang='lat' dir='ltr'><strong>in</strong></span> <span class='ocrx_word' id='word_1_193' title='bbox 2394 3016 2604 3079; x_wconf 85' lang='lat' dir='ltr'><strong>verbis</strong></span> 
     </span>
     <span class='ocr_line' id='line_1_26' title="bbox 523 3120 2605 3206; baseline -0.002 -20"><span class='ocrx_word' id='word_1_194' title='bbox 523 3122 857 3206; x_wconf 81' lang='lat' dir='ltr'><strong>corruptiS,</strong></span> <span class='ocrx_word' id='word_1_195' title='bbox 920 3141 1084 3205; x_wconf 81' lang='lat' dir='ltr'><strong>qua-e</strong></span> <span class='ocrx_word' id='word_1_196' title='bbox 1126 3120 1428 3186; x_wconf 85' lang='lat' dir='ltr'><strong>Halmius</strong></span> <span class='ocrx_word' id='word_1_197' title='bbox 1488 3140 1673 3185; x_wconf 90' lang='lat' dir='ltr'><strong>meus</strong></span> <span class='ocrx_word' id='word_1_198' title='bbox 1718 3120 1811 3200; x_wconf 89' lang='lat' dir='ltr'><strong>(P.</strong></span> <span class='ocrx_word' id='word_1_199' title='bbox 1859 3120 1925 3184; x_wconf 90' lang='grc' dir='ltr'><strong>ΙΙ</strong></span> <span class='ocrx_word' id='word_1_200' title='bbox 1967 3140 2031 3204; x_wconf 90' lang='lat' dir='ltr'><strong>p.</strong></span> <span class='ocrx_word' id='word_1_201' title='bbox 2082 3122 2228 3200; x_wconf 87' lang='lat'>180)</span> <span class='ocrx_word' id='word_1_202' title='bbox 2287 3122 2355 3184; x_wconf 87' lang='lat' dir='ltr'><strong>in</strong></span> <span class='ocrx_word' id='word_1_203' title='bbox 2415 3120 2605 3183; x_wconf 84' lang='lat' dir='ltr'><strong>aliam</strong></span> 
     </span>
     <span class='ocr_line' id='line_1_27' title="bbox 521 3225 2605 3312; baseline -0.001 -21"><span class='ocrx_word' id='word_1_204' title='bbox 521 3246 783 3312; x_wconf 89' lang='lat' dir='ltr'><strong>prorsus</strong></span> <span class='ocrx_word' id='word_1_205' title='bbox 858 3227 1240 3291; x_wconf 89' lang='lat' dir='ltr'><strong>sententiam</strong></span> <span class='ocrx_word' id='word_1_206' title='bbox 1314 3226 1666 3309; x_wconf 87' lang='lat' dir='ltr'><strong>detorquet.</strong></span> <span class='ocrx_word' id='word_1_207' title='bbox 1772 3225 1863 3289; x_wconf 90' lang='lat' dir='ltr'><strong>At</strong></span> <span class='ocrx_word' id='word_1_208' title='bbox 1933 3226 2171 3289; x_wconf 91' lang='lat' dir='ltr'><strong>mirum</strong></span> <span class='ocrx_word' id='word_1_209' title='bbox 2239 3230 2354 3306; x_wconf 90' lang='lat' dir='ltr'><strong>est,</strong></span> <span class='ocrx_word' id='word_1_210' title='bbox 2431 3225 2605 3308; x_wconf 91' lang='lat' dir='ltr'><strong>quod</strong></span> 
     </span>
     <span class='ocr_line' id='line_1_28' title="bbox 526 3330 2604 3415; baseline -0.001 -20"><span class='ocrx_word' id='word_1_211' title='bbox 526 3351 726 3415; x_wconf 90' lang='lat' dir='ltr'><strong>quum</strong></span> <span class='ocrx_word' id='word_1_212' title='bbox 759 3331 1129 3396; x_wconf 89' lang='lat' dir='ltr'><strong>Herodotus</strong></span> <span class='ocrx_word' id='word_1_213' title='bbox 1174 3337 1238 3395; x_wconf 85' lang='lat' dir='ltr'><strong>et</strong></span> <span class='ocrx_word' id='word_1_214' title='bbox 1282 3331 1509 3395; x_wconf 87' lang='lat' dir='ltr'><strong>caeteri</strong></span> <span class='ocrx_word' id='word_1_215' title='bbox 1540 3331 1821 3393; x_wconf 86' lang='lat' dir='ltr'><strong>vinctam</strong></span> <span class='ocrx_word' id='word_1_216' title='bbox 1863 3331 2214 3394; x_wconf 85' lang='lat' dir='ltr'><strong>orationem</strong></span> <span class='ocrx_word' id='word_1_217' title='bbox 2243 3330 2604 3412; x_wconf 84' lang='lat' dir='ltr'><strong>solvissent,</strong></span> 
     </span>
     <span class='ocr_line' id='line_1_29' title="bbox 523 3434 2608 3518; baseline -0 -18"><span class='ocrx_word' id='word_1_218' title='bbox 523 3434 1032 3517; x_wconf 82' lang='lat' dir='ltr'><strong>Thrasymachus</strong></span> <span class='ocrx_word' id='word_1_219' title='bbox 1078 3436 1351 3499; x_wconf 86' lang='lat' dir='ltr'><strong>vixdum</strong></span> <span class='ocrx_word' id='word_1_220' title='bbox 1410 3434 1573 3499; x_wconf 85' lang='lat' dir='ltr'><strong>solvi</strong></span> <span class='ocrx_word' id='word_1_221' title='bbox 1629 3443 1918 3518; x_wconf 87' lang='lat' dir='ltr'><strong>coeptam</strong></span> <span class='ocrx_word' id='word_1_222' title='bbox 1961 3454 2221 3499; x_wconf 89' lang='lat' dir='ltr'><strong>rursum</strong></span> <span class='ocrx_word' id='word_1_223' title='bbox 2266 3455 2467 3499; x_wconf 87' lang='lat' dir='ltr'><strong>ausus</strong></span> <span class='ocrx_word' id='word_1_224' title='bbox 2512 3445 2608 3499; x_wconf 89' lang='lat' dir='ltr'><strong>est</strong></span> 
     </span>
     <span class='ocr_line' id='line_1_30' title="bbox 524 3539 2608 3623; baseline -0 -19"><span class='ocrx_word' id='word_1_225' title='bbox 524 3542 786 3605; x_wconf 84' lang='lat' dir='ltr'><strong>vincire.</strong></span> <span class='ocrx_word' id='word_1_226' title='bbox 877 3539 1045 3613; x_wconf 82' lang='lat' dir='ltr'><strong>Ecce</strong></span> <span class='ocrx_word' id='word_1_227' title='bbox 1089 3547 1303 3605; x_wconf 87' lang='lat' dir='ltr'><strong>autem</strong></span> <span class='ocrx_word' id='word_1_228' title='bbox 1350 3539 1472 3602; x_wconf 90' lang='lat' dir='ltr'><strong>alia</strong></span> <span class='ocrx_word' id='word_1_229' title='bbox 1517 3557 1722 3621; x_wconf 89' lang='lat' dir='ltr'><strong>eaque</strong></span> <span class='ocrx_word' id='word_1_230' title='bbox 1766 3539 2022 3623; x_wconf 83' lang='lat' dir='ltr'><strong>gravior</strong></span> <span class='ocrx_word' id='word_1_231' title='bbox 2052 3539 2348 3604; x_wconf 86' lang='lat' dir='ltr'><strong>offensio:</strong></span> <span class='ocrx_word' id='word_1_232' title='bbox 2394 3558 2608 3623; x_wconf 86' lang='lat' dir='ltr'><strong>neque</strong></span> 
     </span>
    </p>
   </div>
   <div class='ocr_carea' id='block_1_3' title="bbox 416 3643 2608 3730">
    <p class='ocr_par' dir='ltr' id='par_1_3' title="bbox 416 3643 2608 3730">
     <span class='ocr_line' id='line_1_31' title="bbox 416 3643 2608 3730; baseline -0.002 -20"><span class='ocrx_word' id='word_1_233' title='bbox 416 3665 423 3674; x_wconf 84' lang='lat'><strong>·</strong></span> <span class='ocrx_word' id='word_1_234' title='bbox 525 3648 695 3710; x_wconf 90' lang='lat' dir='ltr'><strong>enim</strong></span> <span class='ocrx_word' id='word_1_235' title='bbox 743 3646 800 3710; x_wconf 91' lang='lat' dir='ltr'><strong>si</strong></span> <span class='ocrx_word' id='word_1_236' title='bbox 842 3651 1065 3730; x_wconf 72' lang='lat' dir='ltr'><strong>poetae</strong></span> <span class='ocrx_word' id='word_1_237' title='bbox 1112 3654 1319 3710; x_wconf 89' lang='lat' dir='ltr'><strong>orator</strong></span> <span class='ocrx_word' id='word_1_238' title='bbox 1360 3643 1678 3708; x_wconf 84' lang='lat' dir='ltr'><strong>finitimus</strong></span> <span class='ocrx_word' id='word_1_239' title='bbox 1737 3652 1854 3726; x_wconf 88' lang='lat' dir='ltr'><strong>est,</strong></span> <span class='ocrx_word' id='word_1_240' title='bbox 1912 3644 2149 3708; x_wconf 86' lang='lat' dir='ltr'><strong>idcirco</strong></span> <span class='ocrx_word' id='word_1_241' title='bbox 2196 3645 2301 3708; x_wconf 85' lang='lat' dir='ltr'><strong>vel</strong></span> <span class='ocrx_word' id='word_1_242' title='bbox 2345 3643 2608 3706; x_wconf 88' lang='lat' dir='ltr'><strong>Pindari</strong></span> 
     </span>
    </p>
   </div>
   <div class='ocr_carea' id='block_1_4' title="bbox 524 3748 2614 4360">
    <p class='ocr_par' dir='ltr' id='par_1_4' title="bbox 524 3748 2614 4360">
     <span class='ocr_line' id='line_1_32' title="bbox 526 3748 2609 3832; baseline -0.002 -18"><span class='ocrx_word' id='word_1_243' title='bbox 526 3749 926 3832; x_wconf 86' lang='lat' dir='ltr'><strong>dithyrambo</strong></span> <span class='ocrx_word' id='word_1_244' title='bbox 986 3751 1359 3815; x_wconf 81' lang='lat' dir='ltr'><strong>vestiendus</strong></span> <span class='ocrx_word' id='word_1_245' title='bbox 1417 3756 1514 3813; x_wconf 87' lang='lat' dir='ltr'><strong>est</strong></span> <span class='ocrx_word' id='word_1_246' title='bbox 1574 3748 1679 3813; x_wconf 85' lang='lat' dir='ltr'><strong>vel</strong></span> <span class='ocrx_word' id='word_1_247' title='bbox 1720 3750 2145 3813; x_wconf 90' lang='lat' dir='ltr'><strong>Anacreontis</strong></span> <span class='ocrx_word' id='word_1_248' title='bbox 2203 3750 2381 3832; x_wconf 68' lang='lat' dir='ltr'><strong>poesi</strong></span> <span class='ocrx_word' id='word_1_249' title='bbox 2436 3767 2609 3811; x_wconf 86' lang='lat' dir='ltr'><strong>ama-</strong></span> 
     </span>
     <span class='ocr_line' id='line_1_33' title="bbox 524 3851 2609 3938; baseline -0.002 -19"><span class='ocrx_word' id='word_1_250' title='bbox 524 3855 703 3919; x_wconf 85' lang='lat' dir='ltr'><strong>toria.</strong></span> <span class='ocrx_word' id='word_1_251' title='bbox 794 3854 921 3919; x_wconf 83' lang='lat' dir='ltr'><strong>Sed</strong></span> <span class='ocrx_word' id='word_1_252' title='bbox 987 3875 1069 3920; x_wconf 92' lang='lat' dir='ltr'><strong>ne</strong></span> <span class='ocrx_word' id='word_1_253' title='bbox 1137 3857 1230 3920; x_wconf 94' lang='lat' dir='ltr'><strong>sic</strong></span> <span class='ocrx_word' id='word_1_254' title='bbox 1290 3853 1555 3938; x_wconf 89' lang='lat' dir='ltr'><strong>quidem</strong></span> <span class='ocrx_word' id='word_1_255' title='bbox 1611 3853 1911 3916; x_wconf 88' lang='lat' dir='ltr'><strong>inventor</strong></span> <span class='ocrx_word' id='word_1_256' title='bbox 1962 3852 2156 3917; x_wconf 88' lang='lat' dir='ltr'><strong>laude</strong></span> <span class='ocrx_word' id='word_1_257' title='bbox 2211 3851 2609 3915; x_wconf 87' lang='lat' dir='ltr'><strong>fraudandus</strong></span> 
     </span>
     <span class='ocr_line' id='line_1_34' title="bbox 526 3956 2608 4043; baseline -0.003 -18"><span class='ocrx_word' id='word_1_258' title='bbox 526 3968 641 4025; x_wconf 89' lang='lat' dir='ltr'><strong>est.</strong></span> <span class='ocrx_word' id='word_1_259' title='bbox 753 3960 1018 4026; x_wconf 85' lang='lat' dir='ltr'><strong>Viderat</strong></span> <span class='ocrx_word' id='word_1_260' title='bbox 1101 3961 1275 4025; x_wconf 90' lang='lat' dir='ltr'><strong>enim</strong></span> <span class='ocrx_word' id='word_1_261' title='bbox 1361 3977 1585 4043; x_wconf 83' lang='lat' dir='ltr'><strong>prosae</strong></span> <span class='ocrx_word' id='word_1_262' title='bbox 1657 3958 1960 4022; x_wconf 89' lang='lat' dir='ltr'><strong>orationis</strong></span> <span class='ocrx_word' id='word_1_263' title='bbox 2031 3957 2205 4041; x_wconf 85' lang='lat' dir='ltr'><strong>leges</strong></span> <span class='ocrx_word' id='word_1_264' title='bbox 2278 3956 2608 4020; x_wconf 86' lang='lat' dir='ltr'><strong>etiamtum</strong></span> 
     </span>
     <span class='ocr_line' id='line_1_35' title="bbox 526 4061 2610 4150; baseline -0.002 -21"><span class='ocrx_word' id='word_1_265' title='bbox 526 4067 780 4149; x_wconf 86' lang='lat' dir='ltr'><strong>ignotas</strong></span> <span class='ocrx_word' id='word_1_266' title='bbox 847 4085 883 4130; x_wconf 95' lang='lat' dir='ltr'><strong>e</strong></span> <span class='ocrx_word' id='word_1_267' title='bbox 951 4066 1161 4150; x_wconf 91' lang='lat' dir='ltr'><strong>poesis</strong></span> <span class='ocrx_word' id='word_1_268' title='bbox 1225 4065 1477 4149; x_wconf 88' lang='lat' dir='ltr'><strong>legibus</strong></span> <span class='ocrx_word' id='word_1_269' title='bbox 1547 4066 1683 4148; x_wconf 85' lang='lat' dir='ltr'><strong>jam</strong></span> <span class='ocrx_word' id='word_1_270' title='bbox 1759 4064 1929 4127; x_wconf 88' lang='lat' dir='ltr'><strong>notis</strong></span> <span class='ocrx_word' id='word_1_271' title='bbox 2003 4061 2381 4146; x_wconf 87' lang='lat' dir='ltr'><strong>repetendas</strong></span> <span class='ocrx_word' id='word_1_272' title='bbox 2454 4080 2610 4142; x_wconf 88' lang='lat' dir='ltr'><strong>esse,</strong></span> 
     </span>
     <span class='ocr_line' id='line_1_36' title="bbox 527 4164 2611 4255; baseline -0.003 -19"><span class='ocrx_word' id='word_1_273' title='bbox 527 4172 898 4255; x_wconf 86' lang='lat' dir='ltr'><strong>praesertim</strong></span> <span class='ocrx_word' id='word_1_274' title='bbox 957 4190 1161 4254; x_wconf 90' lang='lat' dir='ltr'><strong>quum</strong></span> <span class='ocrx_word' id='word_1_275' title='bbox 1222 4172 1414 4235; x_wconf 86' lang='lat' dir='ltr'><strong>etiam</strong></span> <span class='ocrx_word' id='word_1_276' title='bbox 1473 4172 1540 4235; x_wconf 90' lang='lat' dir='ltr'><strong>in</strong></span> <span class='ocrx_word' id='word_1_277' title='bbox 1605 4170 1887 4233; x_wconf 83' lang='lat' dir='ltr'><strong>oratione</strong></span> <span class='ocrx_word' id='word_1_278' title='bbox 1933 4173 2028 4250; x_wconf 87' lang='lat' dir='ltr'><strong>(ut</strong></span> <span class='ocrx_word' id='word_1_279' title='bbox 2069 4166 2235 4232; x_wconf 90' lang='lat' dir='ltr'><strong>bene</strong></span> <span class='ocrx_word' id='word_1_280' title='bbox 2280 4164 2496 4229; x_wconf 88' lang='lat' dir='ltr'><strong>Cicero</strong></span> <span class='ocrx_word' id='word_1_281' title='bbox 2539 4166 2611 4229; x_wconf 89' lang='lat' dir='ltr'><strong>in</strong></span> 
     </span>
     <span class='ocr_line' id='line_1_37' title="bbox 531 4271 2614 4360; baseline -0.002 -22"><span class='ocrx_word' id='word_1_282' title='bbox 531 4274 791 4341; x_wconf 87' lang='lat' dir='ltr'><strong>Oratore</strong></span> <span class='ocrx_word' id='word_1_283' title='bbox 856 4297 911 4339; x_wconf 90' lang='lat' dir='ltr'><strong>c.</strong></span> <span class='ocrx_word' id='word_1_284' title='bbox 974 4275 1087 4360; x_wconf 77' lang='lat'><strong>55)</strong></span> <span class='ocrx_word' id='word_1_285' title='bbox 1170 4294 1515 4340; x_wconf 88' lang='lat' dir='ltr'><strong>numerum</strong></span> <span class='ocrx_word' id='word_1_286' title='bbox 1587 4273 1907 4359; x_wconf 87' lang='lat' dir='ltr'><strong>quendam</strong></span> <span class='ocrx_word' id='word_1_287' title='bbox 1976 4291 2117 4337; x_wconf 87' lang='lat' dir='ltr'><strong>esse</strong></span> <span class='ocrx_word' id='word_1_288' title='bbox 2183 4290 2412 4336; x_wconf 88' lang='lat' dir='ltr'><strong>sensus</strong></span> <span class='ocrx_word' id='word_1_289' title='bbox 2476 4271 2614 4355; x_wconf 91' lang='lat' dir='ltr'><strong>ipse</strong></span> 
     </span>
    </p>
   </div>
   <div class='ocr_carea' id='block_1_5' title="bbox 528 4377 2614 4484">
    <p class='ocr_par' dir='ltr' id='par_1_5' title="bbox 528 4377 2614 4484">
     <span class='ocr_line' id='line_1_38' title="bbox 528 4377 2614 4484; baseline -0.002 -34"><span class='ocrx_word' id='word_1_290' title='bbox 528 4380 787 4450; x_wconf 83' lang='lat' dir='ltr'><strong>indicet.</strong></span> <span class='ocrx_word' id='word_1_291' title='bbox 878 4380 1203 4451; x_wconf 83' lang='lat' dir='ltr'><strong>Nimirum</strong></span> <span class='ocrx_word' id='word_1_292' title='bbox 1249 4378 1515 4484; x_wconf 70' lang='lat' dir='ltr'><strong>docebat</strong></span> <span class='ocrx_word' id='word_1_293' title='bbox 1558 4398 1693 4451; x_wconf 83' lang='lat' dir='ltr'><strong>non</strong></span> <span class='ocrx_word' id='word_1_294' title='bbox 1737 4378 1963 4452; x_wconf 75' lang='lat' dir='ltr'><strong>rudem</strong></span> <span class='ocrx_word' id='word_1_295' title='bbox 2002 4377 2429 4470; x_wconf 73' lang='lat' dir='ltr'><strong>inscitumque</strong></span> <span class='ocrx_word' id='word_1_296' title='bbox 2458 4394 2614 4467; x_wconf 72' lang='lat' dir='ltr'><strong>pue-</strong></span> 
     </span>
    </p>
   </div>
  </div>
 </body>
</html>
