3099 5241
525 417 623 472 ΟΠ
1322 414 1419 469 DE
1473 413 1800 469 NUMERIS

525 593 867 676 utriusque
912 593 1152 674 attinet,
1195 590 1707 673 Thrasymachus
1749 596 1812 656 et
1857 590 2089 654 caeteri
2132 591 2337 673 primo
2369 609 2614 675 paeone

525 696 604 761 ab
650 698 832 760 initio
879 698 1231 761 sententiae
1274 697 1371 760 uti
1402 696 1690 760 solebant
1721 695 2028 781 probante
2072 696 2213 779 ipso
2246 693 2600 758 Aristotele.

525 802 729 885 'Cujus
774 804 866 867 rei
914 821 1117 886 quum
1162 800 1365 865 multa
1410 800 1641 864 adferri
1687 799 1982 884 exempla
2026 801 2289 883 possint,
2334 799 2612 863 rhetores

527 908 625 987 (ut
680 905 1038 988 Dionysius
1091 904 1189 969 De
1248 905 1464 988 Comp.
1514 905 1593 966 V.
1654 925 1714 988 p.
1774 904 1904 968 242
1964 908 2027 967 et
2083 904 2318 969 iterum
2377 924 2438 987 p.
2485 904 2614 968 396

537 1010 635 1075 ed.
684 1010 849 1093 Sch.,
909 1016 984 1075 ut
1028 1008 1468 1086 Quintilianus
1513 1008 1638 1090 IX,
1681 1008 1725 1071 4
1773 1009 1809 1089 ἓ
1856 1009 1963 1089 63)
2010 1009 2296 1072 certatim
2343 1012 2618 1072 utuntur

533 1113 1025 1179 Demosthenico
1058 1114 1179 1178 Pro
1212 1113 1618 1197 Ctesiphonte
1656 1113 1827 1176 init.:
1874 1122 2010 1182 τοῖς
2058 1118 2239 1183 θεοῖς
2267 1108 2273 1197 Ι
2304 1108 2610 1196 εὔχομαιΙ

528 1223 692 1282 πᾶσι
723 1214 829 1281 καὶ
857 1216 863 1304 Ι
892 1214 1158 1289 πάσαις.
1221 1217 1311 1280 Of.
1336 1216 1638 1297 Aeschyl.
1666 1215 1888 1300 Suppl.
1914 1216 2046 1283 403
2071 1236 2211 1298 sqq.
2270 1217 2361 1278 At
2388 1216 2456 1278 in
2487 1213 2617 1279 fine

531 1323 884 1387 sententiae
959 1326 1260 1406 quartum
1332 1340 1640 1404 paeonem
1716 1366 1785 1386 ψ
1826 1365 1895 1385 ψ
1935 1366 2004 1385 ψ
2044 1348 2115 1382 -ι-
2200 1320 2617 1403 philosophus

530 1427 844 1491 conlocari
883 1426 1067 1509 jubet
1110 1445 1322 1509 neque
1366 1425 1434 1488 id
1478 1430 1672 1508 negat
1716 1423 1795 1488 ab
1843 1444 1911 1488 se
1941 1425 2147 1508 primo
2180 1424 2616 1507 excogitatum

531 1551 689 1596 esse.
780 1531 864 1595 Et
910 1531 1023 1614 qui
1068 1531 1261 1594 hacce
1306 1530 1594 1594 clausula
1639 1548 1798 1592 usus
1845 1529 1948 1611 sit,
1995 1533 2305 1592 oratorem
2352 1529 2616 1592 atticum

529 1637 803 1719 reperire
847 1635 1104 1699 nullum
1147 1634 1348 1718 potui.
1442 1633 1567 1698 Sed
1612 1634 1683 1696 in
1712 1632 2060 1714 lyricorum
2090 1632 2445 1716 paeanibus
2476 1651 2618 1696 eam

530 1759 791 1805 necesse
852 1745 947 1804 est
1004 1738 1177 1802 haud
1231 1738 1702 1821 infrequentem
1743 1738 1963 1802 fuisse.
2054 1740 2273 1821 Atque
2317 1738 2476 1821 ipse,
2535 1755 2618 1800 ne

530 1845 691 1908 nihil
724 1845 898 1908 dicas
930 1842 1331 1907 Aristotelem
1365 1847 1659 1906 secutum
1692 1861 1852 1923 esse,
1897 1863 2106 1905 unum
2140 1842 2335 1924 hujus
2366 1841 2618 1924 generis

530 1969 791 2013 versum
833 1949 1109 2029 lyricum
1154 1947 1433 2031 protulit.
1527 1946 1692 2010 Tum
1720 1948 1789 2009 in
1822 1947 2182 2030 tragoediae
2211 1946 2456 2010 melicis
2484 1964 2619 2008 non

533 2060 631 2118 est
683 2053 792 2117 ille
851 2052 1112 2136 quidem
1156 2051 1547 2133 invisitatUS,
1604 2070 1854 2134 perraro
1897 2055 2113 2115 tamen
2156 2051 2392 2136 legitur
2433 2055 2508 2113 ut
2548 2050 2619 2113 in

533 2157 1025 2223 Eumenidibus.
1138 2154 1344 2219 Probe
1402 2160 1617 2218 autem
1685 2160 2019 2220 teneamus
2077 2154 2484 2219 Aristotelem
2541 2154 2619 2217 de

534 2264 676 2347 ipso
738 2281 980 2346 paeone
1041 2264 1265 2343 quarto
1310 2308 1379 2326 ψ
1408 2307 1478 2326 ψ
1506 2306 1577 2327 ψ
1610 2287 1678 2321 „r-
1723 2260 1903 2342 loqui
1964 2259 2377 2344 apertissime.
2480 2257 2619 2322 Abs

536 2387 666 2451 quo
706 2367 869 2449 justi
914 2365 1129 2429 cretici
1174 2364 1404 2428 solutio
1458 2364 1615 2428 haec
1664 2392 1729 2430 φ
1760 2409 1829 2431 ψ
1859 2410 1928 2430 ψ
1958 2391 2029 2425 m
2075 2364 2264 2448 longe
2308 2363 2621 2446 abhorret,

537 2491 729 2554 quam
774 2471 842 2533 in
888 2469 1019 2534 fine
1062 2469 1327 2533 trimetri
1375 2473 1437 2532 et
1479 2471 1705 2554 tragici
1752 2473 1813 2534 et
1871 2469 2099 2532 comici
2153 2469 2425 2551 ejusque
2481 2473 2620 2531 tum

535 2576 745 2660 graeci
806 2581 946 2639 tum
1011 2574 1196 2639 latini
1254 2574 1556 2638 usitatam
1615 2594 1753 2639 esse
1812 2577 2078 2638 constat.
2190 2573 2292 2637 Ac
2359 2573 2437 2638 de
2502 2572 2623 2636 hoc

539 2700 912 2764 graecorum
956 2684 1286 2763 poetarum
1330 2699 1458 2743 usu
1490 2679 1736 2744 Seidler
1778 2678 1901 2762 (De
1923 2679 2067 2742 VV.
2101 2676 2366 2742 Dochm.
2399 2699 2462 2762 p.
2494 2679 2624 2744 380

538 2786 702 2868 sqq.)
749 2786 1068 2868 praeclare
1114 2784 1437 2848 disseruit.
1527 2784 1772 2847 Eadem
1815 2783 1998 2847 latini
2039 2784 2274 2847 senarii
2316 2784 2474 2847 ratio
2507 2786 2622 2865 est,

538 2895 613 2954 ut
674 2890 937 2972 quaevis
981 2888 1195 2952 Plauti
1256 2889 1584 2952 comoedia
1643 2888 1827 2951 docet
1878 2889 2162 2970 itemque
2217 2887 2491 2969 Terenti,
2546 2891 2621 2950 ut

534 2995 604 3057 in
651 2993 852 3056 Andr.
899 2993 1064 3056 Prol.
1112 3014 1172 3056 V.
1209 2993 1271 3075 6,
1331 2992 1483 3055 ibid.
1532 3013 1594 3054 v,
1644 2993 1750 3074 25,
1796 2996 1859 3057 et
1902 2992 1958 3074 I,
2009 2993 2067 3072 1,
2115 2993 2229 3071 173
2291 2991 2345 3073 Ι,
2395 2992 2453 3072 1,
2500 2992 2612 3069 3Ο;

539 3098 592 3178 Ι,
646 3099 675 3161 1
726 3118 787 3159 ν.
836 3100 941 3179 90,
985 3119 1047 3161 v.
1096 3099 1202 3180 96,
1262 3118 1323 3160 V.
1374 3098 1521 3179 113,
1569 3096 1655 3179 II,
1702 3098 1764 3179 6,
1810 3097 1873 3178 6,
1932 3096 2231 3159 Eunuch.
2280 3095 2363 3178 II,
2410 3097 2471 3177 3,
2515 3095 2622 3176 49,

410 3191 416 3199 ’
537 3201 771 3282 Hecyr.
818 3201 985 3264 Prol.
1031 3201 1117 3282 H,
1163 3202 1246 3266 26
1294 3207 1449 3266 caet.
1542 3200 1670 3277 Qui
1712 3206 2046 3285 poetarum
2090 3220 2252 3264 usus
2297 3207 2426 3264 tam
2473 3218 2624 3263 con-

540 3310 716 3369 stans
762 3310 873 3386 est,
933 3310 1008 3369 ut
1058 3306 1211 3368 inde
1256 3311 1564 3389 sequatur
1606 3306 2103 3390 Aristophanem
2147 3306 2309 3387 Byz.
2356 3305 2625 3388 ejusque

542 3409 925 3492 pedisequos
997 3411 1442 3493 grammaticos
1515 3410 1748 3474 latinos
1837 3409 1917 3474 de
2002 3416 2272 3474 accentu
2360 3427 2625 3490 errasse,

543 3532 735 3596 quem
801 3514 972 3577 ultra
1036 3514 1286 3578 tertiam
1352 3534 1391 3577 a
1455 3514 1587 3578 fine
1656 3514 1968 3596 syllabam
2033 3515 2208 3596 rejici
2267 3518 2622 3578 vetuerant.

538 3618 630 3682 At
676 3616 898 3682 Graeci
941 3638 1072 3682 non
1122 3618 1302 3682 aliter
1345 3619 1472 3682 nisi
1534 3619 1628 3682 sic
1682 3618 2217 3703 pronuntiabant:
2282 3614 2621 3701 ἅναμενει,

538 3717 878 3804 fiduciam,
952 3720 1307 3798 ἄπολεσας,
1385 3720 1672 3798 ὁ·ιόλεσω,
1748 3719 2162 3805 κὰταβαλειν,
2238 3716 2620 3807 adrastiam
2694 3803 2697 3805 ‚

540 3823 956 3909 πάρακαλεις,
1006 3826 1346 3911 πέριβολαι
1393 3832 1455 3892 et
1499 3828 1593 3891 sic
1636 3846 1841 3912 porro.
1931 3826 2066 3891 Nec
2122 3846 2273 3891 vero
2330 3827 2626 3908 Romani,

425 3942 427 3945 ’
543 3932 621 3996 de
690 3931 925 4015 quibus
984 3935 1118 4016 Jam
1183 3932 1600 3997 Hermannus
1665 3933 1733 3995 in
1788 3931 1887 3994 El.
1937 3931 2016 3996 D.
2068 3931 2154 3995 M.
2205 3952 2268 4015 p.
2316 3931 2401 3995 64
2460 3936 2628 3995 recte

535 4034 869 4120 judicavit,
914 4038 1036 4102 alio
1081 4038 1211 4101 nisi
1253 4038 1376 4102 hoc
1422 4057 1552 4101 uno
1612 4037 1832 4100 modo:
1890 4037 2212 4118 mulieres),
2280 4036 2626 4115 temeritas,

549 4141 827 4222 rediere,
900 4143 1206 4227 tetigeriS,
1282 4142 1583 4206 ceciderit
1656 4147 1811 4205 caet.
1927 4140 2106 4206 Haec
2177 4141 2490 4205 hactenus
2555 4139 2635 4205 de

542 4246 794 4310 Rhetor.
840 4246 964 4328 III,
1011 4249 1050 4313 8
1096 4246 1236 4311 1000
1283 4246 1684 4330 gravissimo,
1733 4247 1846 4329 qui
1889 4245 2126 4310 multos
2169 4246 2515 4329 ipsumque
2557 4245 2629 4307 in
2735 4278 2750 4289 -

543 4350 641 4414 El.
690 4348 768 4413 D.
815 4350 901 4414 Μ.
951 4371 1011 4434 p.
1064 4352 1188 4416 193
1235 4370 1330 4433 sq.
1420 4349 1871 4414 Hermannum
1928 4351 1996 4414 in
2053 4369 2295 4415 errores
2347 4349 2630 4433 induxit,
