3099 5241
512 403 635 460 CVI
1311 406 1408 460 DE
1461 405 1787 462 NUMERIS

514 579 593 645 de
640 600 769 665 quo
813 581 981 646 alius
1025 581 1214 647 nobis
1259 583 1378 647 erit
1421 581 1676 646 dicendi
1712 582 1894 647 locus
1925 587 1989 647 et
2016 581 2348 648 Lucianus
2377 581 2593 647 Samo-

514 686 801 750 satensis.
889 685 974 750 Et
1017 686 1213 770 hujus
1260 686 1519 770 quidem
1566 706 1869 752 numeros
1913 686 2183 751 Photius
2235 687 2308 750 iu
2352 685 2596 751 Biblio-

514 790 697 855 theca
753 789 890 854 cod.
945 791 1069 856 128
1123 791 1377 875 magnis
1431 790 1736 856 laudibus
1793 791 2047 874 extulit,
2109 792 2225 876 qui
2278 791 2594 855 atticismo

511 892 784 958 Luciani
850 896 1101 979 egregie
1168 894 1610 960 commendato
1676 896 1766 959 ita
1828 896 2070 980 pergit:
2154 890 2456 978 συνθήκη
2523 914 2594 958 τε

514 994 688 1084 αὐτῷ
746 997 948 1071 οὕτως
1006 997 1359 1081 ἥρμοσται,
1425 998 1587 1062 ὥστε
1645 997 1860 1063 δοκεῖν
1902 996 2024 1062 τὸν
2067 995 2594 1085 ἀναγινώσκοντα

512 1100 611 1184 μή
673 1097 904 1188 λόγους
957 1101 1181 1188 λέγειν,
1244 1099 1401 1166 ἀλλὰ
1456 1102 1656 1185 μέλος
1708 1126 1770 1165 τι
1824 1099 2108 1186 τερπνὸν
2150 1103 2336 1189 χωρὶς
2380 1105 2596 1186 {fleva-

513 1210 673 1278 νοῦς
744 1202 909 1288 ᾠδῆς
980 1217 1118 1279 τοίς
1191 1203 1345 1271 ὠσὶν
1420 1203 1890 1284 ἐναποστάζειν
1953 1211 2085 1271 τῶν
2153 1203 2595 1291 ἆκροαῐῶν.*)

516 1309 646 1374 Cur
723 1316 937 1375 autem
1016 1311 1095 1376 de
1174 1312 1296 1376 hoc
1376 1317 1754 1395 argumento
1835 1312 1906 1375 in
1973 1313 2353 1377 universum
2417 1298 2596 1375 nunc

516 1412 958 1497 scriberemus,
1015 1415 1173 1480 haec
1217 1416 1404 1480 nobis
1449 1435 1647 1481 causa.
1688 1416 1814 1481 fuit
1857 1417 1961 1481 vel
2003 1417 2365 1500 praecipua,
2423 1416 2597 1499 quod

516 1519 922 1585 vehementer
976 1520 1327 1604 optandum
1384 1524 1500 1603 est,
1567 1525 1642 1585 ut
1696 1521 1950 1585 numeri
2004 1521 2308 1586 orationis
2355 1520 2596 1586 solutae

515 1623 749 1688 melius
806 1644 1001 1708 11113111
1057 1625 1267 1689 31111110
1327 1626 1595 1710 contigit
1654 1631 1715 1690 et
1759 1626 1962 1690 multo
2008 1626 2245 1690 certius
2288 1624 2598 1708 indagen-

516 1732 638 1792 tur.
726 1728 790 1791 Ν
792 1749 895 1792 3111
939 1733 1014 1793 ut
1057 1748 1278 1795 omnes
1323 1730 1546 1794 ordine
1577 1730 1850 1794 editores
1880 1728 2085 1793 oculis
2113 1729 2598 1813 perlustrentur,

518 1831 597 1896 de
678 1831 1101 1916 plurimorum
1179 1835 1468 1899 numeris
1551 1839 1870 1899 oratorum
1952 1833 2124 1918 apud
2205 1853 2315 1898 eos
2395 1833 2597 1897 altum

516 1936 845 2001 silentium
890 1942 1003 2002 est.
1095 1936 1193 2003 De
1236 1939 1376 2023 ipso
1421 1959 1572 2004 vero
1615 1938 1912 2021 Isocrate,
1973 1939 2080 2002 cui
2124 1937 2385 2002 tandem
2426 1937 2597 2000 bono

518 2046 616 2104 est
672 2041 835 2105 nihil
887 2042 1020 2107 fere
1075 2044 1254 2107 3111111
1314 2045 1443 2107 11131
1496 2043 1619 2107 1100
1663 2045 1825 2108 scire
1868 2044 2165 2108 hiatuum
2208 2061 2455 2132 osorem
2496 2043 2600 2104 in·

517 2150 774 2229 gentem
818 2146 1019 2211 fuisse
1063 2147 1127 2212 et
1169 2149 1423 2214 numeri
1461 2147 1807 2230 cujuslibet
1836 2154 2180 2213 amatorem
2208 2146 2597 2212 mirificum?

518 2249 691 2314 Ante
748 2252 965 2315 omnia.
1023 2256 1237 2317 autem
1294 2253 1373 2317 de
1426 2254 1715 2318 numeris
1776 2258 2098 2317 oratorum
2158 2252 2420 2317 seorsim
2475 2269 2599 2315 nec

519 2354 660 2418 sine
717 2374 953 2439 magna
1011 2375 1166 2420 cura
1224 2356 1667 2421 disserendum
1728 2362 1840 2440 est,
1899 2362 1974 2422 ut
2030 2356 2108 2422 de
2150 2354 2600 2421 Demosthenis

520 2459 811 2522 numeris
856 2460 1021 2525 alius
1064 2459 1343 2544 libellus,
1396 2461 1562 2525 alius
1608 2462 1686 2526 de
1730 2462 2100 2543 PlatoniciS,
2146 2461 2225 2526 de
2267 2459 2601 2525 Isocrateis

518 2581 778 2628 rursum
824 2562 1009 2648 alius,
1056 2565 1134 2631 de
1180 2564 1454 2651 singulis
1500 2566 1779 2651 denique
1823 2564 2063 2651 singuli
2095 2584 2290 2650 quam
2318 2565 2600 2649 primum

520 2674 1002 2752 componantur.
1129 2669 1290 2746 Quis
1366 2671 1539 2736 enim
1621 2676 1813 2756 neget
1893 2672 2108 2735 doctas
2190 2676 2255 2735 et
2320 2668 2601 2735 subtiles

519 2772 888 2854 hujusmodi
949 2776 1324 2860 scriptiones
1383 2795 1617 2860 magno
1671 2779 1824 2841 usui
1881 2777 2133 2841 futuras
2187 2775 2374 2839 esse?
2461 2773 2601 2838 Has

519 2878 692 2961 ipsas
758 2896 908 2942 vero
973 2879 1043 2942 in
1109 2878 1357 2944 edendo
1422 2879 1709 2945 Luciano
1725 2931 1740 2962 ,
1808 2881 1920 2946 ubi
1982 2880 2067 2945 ad
2132 2899 2269 2945 rem
2338 2877 2600 2943 dubiam

520 2986 789 3046 ventum
847 2987 1034 3065 esset,
1101 3003 1291 3068 saepe
1357 2985 1734 3068 desideravi,
1805 2987 1920 3070 qui
1976 2986 2205 3051 scirem
2266 2984 2601 3068 scriptores

521 3088 746 3151 atticos
812 3092 1040 3152 mutuo
1100 3087 1224 3151 sibi
1280 3089 1564 3154 invicem
1622 3109 1761 3155 esse
1816 3089 2083 3154 auxilio.
2176 3087 2349 3164 Quin
2410 3088 2601 3152 etiam
2664 3088 2668 3092 ⁴

520 3191 591 3254 in
660 3191 879 3256 critica
954 3196 1085 3256 arte
1160 3194 1416 3258 numeri
1497 3213 1808 3278 magnum
1873 3194 2122 3258 faciunt
2183 3197 2602 3274 momentum,

522 3296 890 3378 praesertim
979 3297 1035 3360 31
1139 3297 1218 3362 113
1316 3298 1727 3365 collocatione
1814 3297 2154 3363 verborum
2248 3296 2601 3361 dubitatur.

524 3397 783 3463 Etenim
864 3405 939 3465 ut
1012 3400 1121 3465 lex
1198 3402 1405 3487 logica
1480 3408 1544 3468 et
1621 3424 1783 3469 usus
1866 3402 2188 3486 scriptoris
2252 3401 2604 3486 plurimum

521 3502 759 3588 valent,
821 3505 914 3569 ita
964 3525 1378 3571 numerorum
1436 3526 1696 3591 quoque
1751 3528 1957 3592 quum
2011 3508 2082 3571 in
2142 3507 2286 3571 aliis
2346 3511 2486 3570 tum
2532 3507 2603 3569 in

523 3607 808 3673 Luciano
866 3610 1026 3675 ratio
1088 3629 1338 3696 semper
1395 3612 1690 3677 ducenda
1732 3618 1845 3678 est.
1936 3611 2131 3677 Nunc
2175 3612 2478 3695 quoniam
2525 3611 2604 3676 de

524 3714 769 3798 graecis
846 3716 1261 3800 scriptoribus
1337 3718 1490 3782 satis
1558 3718 1803 3783 dictum
1868 3717 2127 3782 videtur
2144 3765 2160 3798 ,
2241 3717 2319 3781 de
2385 3716 2604 3781 latinis

528 3841 788 3906 quoque
833 3823 1128 3887 nonnihil
1174 3823 1541 3889 addendum
1586 3829 1700 3888 est.
1791 3821 2105 3907 Incipiam
2150 3826 2367 3886 autem
2410 3820 2492 3885 ab
2536 3839 2605 3885 re

524 3927 919 4012 gravissima,
964 3947 1131 4012 quae
1175 3932 1238 3993 et
1278 3927 1510 3993 latinos
1541 3947 1782 4010 omnes,
1827 3927 1941 4011 qui
1973 3926 2234 4010 quidem
2263 3943 2606 3990 numerose

528 4032 897 4115 scripserint
939 4037 1003 4098 et
1044 4051 1416 4118 graecorum
1462 4039 1797 4097 auctorum
1841 4036 2084 4116 partem
2121 4031 2405 4114 aliquam
2435 4049 2606 4094 com-

668 4271 723 4344 ²³)
760 4272 901 4343 [Quo
929 4274 1127 4330 melius
1159 4275 1291 4330 haec
1324 4273 1557 4344 intelligi
1579 4272 1809 4343 possint,
1843 4270 2078 4341 exempli
2101 4287 2264 4326 031133
2287 4269 2603 4341 ,Cataplnm‘

528 4360 802 4434 dialogum
834 4360 972 4422 insta
1005 4378 1128 4423 sum
1160 4360 1459 4421 additurus.
1530 4361 1630 4421 Ex
1663 4359 2066 4433 Addendis.]
