3099 5241
1098 307 1109 311 ’
1177 328 1283 383 An
1330 321 1731 385 memmi.
2373 324 2536 384 xvn

456 504 570 569 vit.
658 506 883 585 postea
942 501 1230 568 Erwinus
1278 500 1530 579 Rohde,
1598 500 1716 567 abs
1774 518 1898 584 quo
1957 501 2035 567 de
2091 518 2254 567 nexu
2308 501 2536 568 horum

451 607 742 672 codicum
811 611 875 671 et
935 607 1245 690 dignitate
1313 624 1515 699 nuper
1579 605 1677 689 (in
1739 605 1976 685 ,Indice
2035 605 2379 690 Philologi‘
2446 625 2531 672 m.

451 710 672 777 Octbr.
702 711 869 776 1872
912 711 1027 775 ΝΥ.
1057 710 1138 775 10
1178 729 1236 793 p.
1258 711 1389 776 489
1435 709 1561 794 sq.)
1604 710 1837 776 melius
1881 727 2074 794 quam
2118 710 2274 776 olim
2298 708 2537 794 (Ueber

447 815 727 881 Lucians
771 811 1059 888 Λούκιος
1080 834 1142 897 p.
1164 813 1279 898 44)
1326 815 1685 898 expositum
1729 817 1849 893 est,
1895 814 2145 881 codices
2178 813 2533 879 Lucianeos

450 1042 699 1106 quoque
768 1026 841 1088 ut
897 1042 1014 1105 par
1070 1026 1171 1088 est
1226 1024 1487 1089 derivat.
1592 1023 1868 1106 priorem
1935 1013 2150 1088 autern
2218 1021 2535 1088 familiam

452 1125 696 1192 ΒΑΟΨ
766 1127 1051 1192 Rohdius
1127 1126 1313 1192 nobis
1392 1128 1683 1193 concedit
1764 1127 1953 1193 alteri
2029 1128 2097 1193 in
2163 1127 2532 1193 universum

448 1235 806 1313 praestare:
866 1232 978 1297 sed
1021 1232 1213 1311 idem,
1272 1231 1383 1297 ubi
1428 1232 1512 1297 ad
1556 1232 1844 1316 singulos
1888 1231 2066 1297 locos
2109 1235 2373 1298 ventum
2417 1234 2535 1309 est,

450 1336 533 1400 de
590 1339 772 1401 tanta
825 1355 895 1401 re
943 1336 1138 1401 etiam
1183 1339 1377 1419 atque
1421 1336 1617 1401 etiam
1664 1335 1916 1401 dubitat
1961 1335 2222 1414 veritus,
2289 1354 2369 1402 ne
2414 1353 2533 1419 ego

446 1440 715 1505 modum
740 1440 1132 1506 excesserim.
1210 1458 1414 1524 neque
1454 1441 1626 1505 enim
1660 1439 1938 1523 priorem
1962 1439 2280 1505 familiam
2301 1454 2533 1523 repug-

448 1547 651 1610 nante
705 1545 908 1610 altera
962 1544 1088 1610 sibi
1141 1544 1345 1610 videri
1410 1545 1545 1609 sine
1615 1544 1754 1609 ulla
1817 1543 2216 1610 dubitatione
2258 1542 2533 1626 proban-

451 1650 622 1729 dam,
666 1650 781 1714 sed
802 1648 1138 1731 permultis
1161 1648 1231 1714 in
1251 1642 1432 1727 locis,
1480 1648 1713 1733 quibus
1737 1648 1941 1714 altera
1985 1666 2247 1714 manum
2270 1648 2537 1714 Luciani

451 1753 594 1818 sola
650 1756 888 1831 teneat,
948 1757 1120 1819 certo
1187 1752 1601 1836 rejiciendam
1673 1770 1834 1819 esse.
1924 1753 2018 1819 ita
2075 1772 2274 1835 quum
2332 1753 2538 1819 altera

450 1856 771 1923 familiam
831 1858 1101 1923 alteram
1158 1858 1474 1941 suppleat,
1549 1875 1739 1940 saepe
1796 1857 1919 1923 hoc
1988 1874 2188 1923 unum
2241 1857 2535 1940 relinqui,

322 1952 335 1959 ⁴
450 1965 527 2027 ut
572 1962 866 2028 omnibus
911 1962 1254 2027 momentis
1301 1962 1578 2046 quadam
1622 1961 1902 2027 aurificis
1947 1964 2189 2027 statera
2213 1962 2535 2026 examina-

456 2066 545 2131 tis
601 2066 789 2132 modo
847 2067 1015 2133 hanc
1056 2067 1246 2132 modo
1291 2066 1478 2131 illam
1523 2067 1725 2133 electe
1772 2083 2126 2149 sequamur.
2214 2068 2535 2148 postremo

450 2169 567 2235 ubi
611 2171 771 2235 duae
819 2172 1085 2236 duarum
1128 2171 1437 2236 lectiones
1484 2173 1549 2236 et
1594 2189 1706 2235 eae
1742 2169 2029 2235 bonitate
2051 2186 2238 2252 pares
2262 2170 2338 2234 de
2359 2169 2535 2253 prin-

450 2275 670 2357 cipatu
735 2276 1144 2355 contendant,
1212 2278 1350 2340 tum
1396 2292 1544 2340 vero
1613 2292 1765 2340 rem·
1817 2274 2073 2339 omnino
2119 2290 2246 2339 non
2289 2273 2535 2357 liquere

452 2397 663 2460 neque
720 2396 941 2445 veram
1007 2380 1388 2462 scripturam
1457 2397 1497 2444 a
1564 2378 1738 2444 mala
1804 2378 2192 2445 correctione
2262 2377 2538 2444 discerni

310 2524 314 2525 ν
449 2500 661 2566 posse,
707 2502 905 2566 quum
947 2484 1329 2567 praesertim
1374 2484 1477 2547 his
1523 2483 1591 2548 in
1634 2483 1794 2548 locis
1841 2500 2030 2565 saepe
2073 2485 2301 2548 neutra
2342 2482 2536 2548 lectio

451 2587 751 2652 videatur
792 2587 1048 2671 probari
1090 2605 1277 2670 posse
1325 2587 1418 2671 (in
1454 2587 1712 2667 ,Indice‘
1756 2587 1803 2653 1.
1846 2587 1891 2652 1.
1928 2605 1988 2670 p.
2013 2587 2143 2654 489
2168 2585 2349 2673 sqq.).
2438 2604 2540 2652 re·

448 2692 733 2774 spondeo
797 2695 1055 2758 tantum
1100 2691 1343 2772 abesse,
1412 2695 1487 2757 ut
1558 2711 1675 2776 ego
1722 2692 1972 2758 codices
2034 2689 2294 2757 ΒΑΟΨ
2348 2708 2537 2757 caeco

449 2796 701 2878 impetu
744 2795 979 2879 ubique
1027 2799 1281 2862 secutus
1327 2797 1468 2874 sim,
1515 2800 1590 2861 ut
1633 2797 1800 2879 quod
1845 2795 1985 2860 fieri
2027 2796 2313 2861 Rohdius
2352 2794 2539 2879 jubet

451 2900 519 2965 id
544 2901 758 2983 ipsum
783 2905 979 2983 saepe
995 2900 1260 2967 fecerim
1302 2902 1584 2983 reposita
1629 2901 1832 2965 altera
1874 2901 2155 2966 lectione
2199 2903 2265 2964 et
2309 2899 2541 2964 acriter

454 3005 738 3069 defensa.
827 3023 1033 3087 neque
1076 3006 1214 3071 ullo
1261 3006 1327 3070 in
1373 3006 1679 3088 scriptore
1728 3004 1991 3069 dubium
2036 3008 2150 3082 est,
2195 3004 2350 3085 quin
2392 3002 2538 3068 ubi-
2583 3069 2596 3086 ‚

455 3127 703 3191 cunque
752 3112 976 3174 neutra
1020 3109 1215 3174 lectio
1261 3110 1665 3187 satisfecerit,
1710 3127 1812 3174 res
1857 3109 2076 3174 redeat
2122 3109 2203 3173 ad
2239 3108 2537 3173 emenda-

453 3213 717 3277 tionem.
810 3214 1080 3297 denique
1138 3214 1244 3278 vel
1301 3214 1367 3278 in
1406 3214 1505 3279 eis
1553 3213 1733 3291 lociS,
1782 3213 1857 3277 de
1904 3231 2170 3295 quorum
2226 3211 2539 3295 scriptura

453 3316 664 3399 primo
723 3316 954 3383 obtutu
1013 3317 1340 3401 ambigere
1397 3319 1573 3396 licet,
1631 3317 2001 3401 graecitatis
2046 3317 2172 3395 lex,
2233 3315 2540 3381 atticismi

453 3420 819 3487 observatio
888 3424 953 3486 et
1017 3440 1173 3487 usus
1234 3421 1485 3486 dicendi
1559 3422 1626 3485 in
1692 3421 1975 3485 Luciano
2044 3423 2179 3486 tam
2240 3422 2538 3486 constans

453 3542 646 3607 saepe
701 3525 794 3590 ita
856 3526 1227 3608 scrupulum
1288 3526 1593 3603 eximunt,
1657 3528 1730 3590 ut
1774 3528 1914 3591 tum
1968 3543 2218 3608 quoque
2275 3524 2538 3610 liqueat,

454 3646 620 3711 quae
687 3629 880 3695 lectio
948 3631 1028 3695 ad
1094 3630 1432 3695 veritatem
1481 3630 1565 3694 sit
1606 3630 1992 3712 propensior.
2082 3628 2283 3720 nihilo
2329 3628 2538 3695 minus

452 3732 671 3811 laudo,
727 3734 895 3816 quod
954 3734 1027 3799 E.
1072 3733 1356 3799 Rohdius
1427 3734 1717 3799 codicum
1791 3731 2049 3797 ΦΩΜΕ
2115 3732 2540 3815 patrocinium

455 3837 738 3920 suscepit
782 3838 972 3920 idque
1018 3839 1267 3904 factum
1311 3839 1557 3922 gaudeo
1617 3837 1696 3902 ob
1743 3838 1992 3903 codices
2036 3836 2311 3901 maxime
2356 3836 2541 3902 Vati-

456 3958 668 4007 canoS.
757 3960 835 4008 ac
878 3943 1154 4024 primum
1212 3944 1379 4025 quod
1438 3943 1518 4008 ad
1567 3942 1850 4008 codicem
1894 3942 1980 4007 90
2025 3940 2292 4019 adtinet,
2351 3940 2541 4023 hujus

453 4096 644 4151 horum
677 4099 821 4153 enim
858 4097 1188 4167 dialogorum
1223 4097 1561 4163 lectionibus,
1614 4098 1664 4151 si
1696 4097 1850 4153 modo
1885 4097 1985 4151 ulli
2021 4100 2190 4162 erunt,
2225 4095 2542 4151 tantundem

453 4183 673 4255 adparet
704 4183 1055 4240 tribuendum
1090 4202 1223 4252 esse,
1261 4187 1517 4256 quantum
1552 4186 1887 4240 auctoritatis
1926 4184 2223 4242 Gorlicensi
2243 4184 2295 4240 A
2328 4184 2394 4238 ab
2431 4200 2541 4238 om-

448 4268 613 4326 nibus
647 4270 981 4327 conceditur.

2092 4360 2127 4413 2
