3099 5241
506 384 666 441 XLII
930 416 933 423 =
1321 388 1417 444 DE
1470 386 1774 444 LUCIANI

509 557 846 647 (βουκόλος
924 563 1119 648 libri),
1203 565 1372 630 οὕτω
1451 588 1514 629 τι
1592 563 2008 649 ἕπερρωμένη
2079 561 2162 637 ὥς
2225 563 2585 649 βουκολῶν,

507 663 728 749 πατήρ
776 666 844 732 δὲ
891 664 1270 752 Μαραθωι,
1323 662 1401 734 οὗ
1444 666 1520 733 τὸ
1569 673 1639 732 ἐν
1678 670 2058 751 Μαραθῶνι
2104 666 2406 755 ἄγαλμα·
2456 666 2590 733 ἔστι

509 768 580 834 δὲ
645 770 816 854 ἥρως
877 769 1176 859 γεωργός.
1271 770 1464 857 η’ρειό
1533 797 1605 838 τε
1671 769 1791 837 τὸν
1837 771 2178 858 ‘Heu-Alia
2245 780 2486 838 τοῦτον
2555 770 2589 836 ὁ

494 871 844 958 “ῙΙρώδης,
929 879 989 941 εἰ
1052 877 1160 941 καὶ
1229 872 1573 949 ἀθάνατος
1641 879 1763 959 εἴη,
1840 875 1874 941 ὁ
1946 876 2015 942 δὲ
2081 883 2401 962 ,θνητοῦ
2468 874 2590 962 ἔφη

510 978 1215 1065 ,μακρσι],ιιερώτερσς’.
1308 979 1502 1065 ἤρετο
1575 978 1779 1045 αὐτὸν
1838 983 1943 1045 καὶ
2002 982 2037 1047 ὅ
2096 1007 2158 1047 τι
2216 993 2483 1056 σιτοῖτο,
2556 978 2591 1044 ὁ

510 1084 579 1148 δὲ
652 1090 1178 1173 ,γαλαιινιοφσιγῶί
1236 1110 1360 1171 εφη
1422 1083 1570 1163 ,τὸν
1624 1085 1818 1151 πὶείω
1876 1093 1992 1151 τοῦ
2049 1084 2287 1175 χρόνου
2344 1084 2453 1150 καί
2508 1108 2596 1170 με

506 1185 862 1273 βόσκουσιν
929 1184 1103 1277 αἶγές
1161 1214 1232 1255 τε
1289 1191 1394 1255 καὶ
1456 1191 1769 1273 ποιμένες
1812 1197 1944 1255 τῶν
1985 1215 2057 1255 τε
2098 1192 2274 1272 βοῶν
2321 1191 2426 1254 καὶ
2468 1195 2594 1254 τῶν

513 1297 736 1357 ἵππων
783 1297 850 1357 αἱ
892 1291 1197 1367 τοκάδες·
1247 1293 1571 1360 ἐκδίδοται
1619 1294 1688 1359 δέ
1729 1320 1790 1359 τι
1837 1292 1944 1359 καὶ
1985 1300 2198 1379 θηλῆς
2231 1293 2402 1360 ὄνων
2431 1290 2595 1383 γάλα

512 1393 799 1463 εὔποτόν
862 1422 933 1463 τε
999 1399 1106 1462 καὶ
1173 1406 1442 1483 κοῦφον.
1560 1396 1827 1465 ἐπειδᾶν
1897 1400 1964 1464 δὲ
2035 1398 2322 1483 ἀλφίτοις
2389 1421 2598 1483 προσ-

510 1499 748 1585 βάλλω,
812 1501 961 1567 δέκα
990 1510 1321 1587 ,σιτοῦμαι
1364 1503 1669 1591 χοίνικας,
1733 1505 1837 1568 καὶ
1884 1503 2280 1588 ξυμφέρουσί
2320 1505 2440 1586 μοι
2482 1498 2597 1568 τὸν

513 1604 756 1689 ἔρανον
799 1612 1047 1672 τοῦτον
1084 1609 1358 1696 γεωργοὶ
1407 1607 1853 1693 Μαραθώνιοί
1894 1632 1964 1672 τε
2007 1611 2115 1672 καὶ
2152 1606 2483 1676 Βοιώτιοι.
2537 1608 2609 1671 οἴ

509 1734 600 1794 με
644 1711 748 1774 καὶ
784 1709 1169 1799 Ἀγαθίωνα
1203 1710 1757 1804 ἐπονομάζουσιν,
1810 1709 2032 1794 ἐπειδή
2067 1711 2171 1776 καὶ
2205 1709 2600 1805 εὐξύμβολος

516 1812 738 1884 αὐτοῖς
803 1815 1184 1901 malvanum
1273 1818 1563 1884 Herodes
1631 1819 1709 1884 de
1767 1814 2260 1902 adolescentum,
2329 1815 2406 1882 de
2471 1836 2598 1902 quo

512 1940 735 1985 recens
790 1922 960 1986 fama
1014 1924 1290 1989 necdum
1335 1926 1690 1988 inveterata
1732 1922 2196 2007 percrebuerat,
2262 1923 2304 1987 J
2308 1921 2599 1987 ulianum

510 2025 742 2119 fecerat
783 2027 1000 2110 paullo
1046 2030 1395 2111 certiorem,
1444 2046 1648 2113 quum
1693 2030 1832 2112 ipse
1876 2049 1959 2092 ne
1995 2048 2070 2093 ea
2102 2029 2383 2112 quidem,
2435 2045 2599 2111 quae

514 2147 630 2214 per
673 2134 943 2195 aetatem
985 2132 1163 2196 illius
1200 2134 1336 2214 jam
1377 2138 1538 2197 tunc
1584 2133 1732 2198 sciri
1791 2139 2071 2217 possent,
2131 2134 2347 2196 omnia
2404 2130 2599 2216 probe

513 2236 769 2319 cognita
812 2235 1087 2300 haberet.
1177 2236 1276 2300 Ita
1304 2236 1595 2303 Herodes
1641 2239 1972 2303 etiamtum
2018 2238 2314 2320 nescivit,
2359 2255 2600 2300 nomen

513 2340 671 2402 huic
699 2340 1085 2405 adolescenti
1116 2359 1255 2405 esse
1276 2338 1686 2424 Σώστρατος.
1748 2343 1931 2407 Adeo
1962 2362 2196 2407 nomen
2220 2337 2602 2422 Σώστρατος

512 2444 584 2507 in
644 2442 1027 2510 Philostrato
1096 2446 1371 2511 alienam
1440 2447 1775 2530 epistolam
1833 2446 2154 2511 delibante
2207 2464 2342 2509 non
2398 2444 2603 2527 magis

514 2553 767 2613 exstare
808 2552 1041 2635 potuit,
1089 2571 1286 2635 quam
1329 2552 1400 2614 in
1444 2553 1587 2636 ipsa
1616 2550 1897 2616 Herodis
1944 2551 2210 2637 epistola
2255 2550 2601 2614 exstiterat.

517 2653 693 2719 Illud
750 2674 901 2720 vero
944 2655 1235 2721 Herodes
1298 2676 1502 2740 quum
1548 2676 1633 2721 ex
1675 2659 1815 2742 ipso
1862 2657 2260 2721 adolescente
2307 2654 2605 2735 audisset,

516 2776 651 2824 non
693 2760 1035 2844 ignoravit,
1081 2781 1435 2846 cognomen
1485 2761 1763 2826 Sostrato
1811 2762 1890 2826 ab
1936 2759 2230 2845 agricolis
2267 2756 2607 2844 Ἀγαθίων

518 2864 801 2928 inditum
836 2886 1003 2931 esse«
1067 2865 1419 2950 Quumque
1444 2866 1796 2931 Sostratum
1822 2866 2149 2930 Lucianus
2180 2866 2250 2928 in
2274 2862 2539 2928 Demon.
2569 2864 2601 2926 1

521 2970 753 3035 diserte
812 2966 1193 3045 ,Βοιώτιον
1252 2971 1507 3054 dixerit,
1578 2990 1727 3034 cum
1788 2972 1879 3035 eis
1937 2989 2198 3054 prorsus
2255 2967 2606 3049 consenti0,

524 3076 639 3158 qui
701 3076 915 3139 virum
982 3074 1335 3140 mirabilem
1396 3077 1477 3140 ad
1537 3074 1796 3140 Delium
1856 3074 2162 3158 oppidum
2216 3075 2286 3137 in
2345 3072 2608 3137 Boeotia

519 3184 749 3242 natum
812 3180 1168 3266 voluerant.
1259 3180 1464 3245 Iidem
1520 3200 1669 3245 eum
1729 3186 1968 3265 γηγενῆ
2027 3176 2433 3262 appellarant·
2473 3193 2606 3238 non

522 3287 597 3347 ut
645 3283 1078 3367 ,indigena-m‘,
1125 3284 1236 3348 sed
1283 3286 1825 3369 quemadmodum
1871 3285 2185 3369 oppositio
2217 3279 2608 3345 Marathonis

524 3388 721 3474 patris
781 3389 1023 3469 edocet,
1089 3394 1164 3453 ut
1221 3395 1441 3471 ,terrae
1494 3387 1755 3472 filium‘,
1807 3390 1867 3453 h.
1918 3408 1969 3453 e.
2017 3393 2194 3472 patre
2238 3391 2465 3451 natum
2507 3386 2610 3447 in-

526 3499 716 3559 certo.
808 3493 1137 3560 Lucianus
1190 3500 1404 3559 tamen
1447 3514 1675 3559 verum
1733 3495 1929 3579 patris
1989 3511 2249 3574 nomen,
2308 3492 2364 3555 si
2420 3489 2610 3553 modo

528 3599 670 3665 erui
723 3594 1056 3684 potuisset,
1119 3600 1257 3665 sine
1315 3599 1510 3665 dubio
1568 3599 1916 3679 addiderat,
1981 3616 2213 3681 nempe
2258 3602 2333 3660 ut
2373 3595 2609 3659 falsum

525 3710 769 3791 patrem
798 3705 1174 3769 Marathona
1215 3706 1471 3770 heroem
1516 3725 1551 3769 e
1595 3704 1804 3768 medio
1848 3702 2112 3767 tolleret.
2206 3700 2378 3778 Quin
2418 3699 2610 3765 etiam

525 3813 663 3897 ipse
708 3811 1052 3893 SostratuS,
1099 3812 1155 3875 si
1197 3801 1370 3875 recte
1414 3829 1607 3893 supra
1646 3810 1908 3892 conjeci,
1951 3806 2198 3871 Herodi
2227 3810 2607 3886 narraverat,

528 3920 794 3981 matrem
877 3915 1000 3980 sibi
1082 3934 1221 3980 esse
1297 3915 1631 3980 mulierem
1711 3931 1865 3977 sane
1943 3912 2274 3977 robustam
2340 3916 2403 3976 et
2469 3929 2609 3975 eam

531 4039 818 4102 ,uxorem
864 4019 1173 4103 bubulci‘,
1217 4022 1306 4084 ita
1337 4025 1408 4084 ut
1436 4017 1723 4083 Luciano
1754 4018 2025 4081 armenti
2052 4015 2308 4101 locique
2336 4015 2610 4101 vestigia

526 4126 938 4209 persequenti
996 4143 1230 4190 nomen
1295 4143 1557 4208 quoque
1614 4123 1809 4205 hujus
1870 4117 2139 4185 bubulci
2179 4121 2466 4185 fortassis
2508 4120 2610 4183 in·-

527 4230 748 4293 venire
812 4225 1045 4294 liceret.
1137 4229 1465 4294 Postremo
1519 4227 1632 4291 illa
1689 4231 1892 4291 aetate
1953 4226 2075 4290 diis
2129 4224 2469 4310 gentilium
2524 4241 2608 4289 ex

529 4338 709 4419 parte
755 4334 891 4417 jam
944 4333 1181 4400 aboleri
1238 4333 1477 4418 coeptis
1537 4331 1727 4396 multi
1780 4332 1853 4395 in
1909 4349 1984 4396 eo
2044 4330 2469 4411 elaborarunt,
2535 4333 2614 4392 ut
2694 4368 2700 4377 ·
