3099 5241
552 388 651 459 48
1363 417 1474 466 Λο
1481 416 1822 468 YKIANOY

553 588 625 654 δὲ
671 588 884 661 συνεὶς
927 591 1000 654 ἐν
1043 584 1301 674 ἀφύκτῳ
1348 584 1661 675 ἐχόμενον
1708 586 1967 667 ἑαυτὸν,
2020 589 2276 655 ἱκέτευε.
2348 593 2409 657 2.
2453 590 2624 656 ΑΠ.

550 693 615 758 τί
660 688 822 774 οὖν,
885 692 1209 759 ἀπέλυσεν
1256 690 1458 758 αὐτὸν
1506 690 1541 757 ὃ
1575 692 1983 777 ’Ήφαιστοςς
2050 694 2276 758 ΕΡΜ.
2345 692 2625 773 οὐδέπω,

480 813 485 818 ’
553 795 710 863 ἀλλά
768 797 1150 885 ξυγκαλέσας
1201 794 1357 871 τούς
1412 793 1617 869 θεοὺς
1678 795 2108 862 ἐπιδείκνυται
2165 795 2292 881 τήν
2334 796 2632 885 μοιχείαν

555 899 797 975 αὐτοῖς.
868 905 931 966 οἱ
977 900 1047 965 δὲ
1089 901 1332 988 γυμνοὶ
1377 896 1739 986 ἀμφότεροι
1783 897 1953 966 κάτω
2000 898 2366 975 νενευκότες
2410 901 2632 977 ξυνδε-

554 1004 819 1090 δεμένοι
884 1010 1252 1089 ἐρυθριῶσι,
1325 1004 1434 1069 καὶ
1490 1001 1567 1069 τὸ
1626 1004 1858 1089 θέαμα
1915 1004 2191 1089 ἥδιστον
2245 1006 2395 1089 ἐμοὶ
2454 1004 2633 1079 ἔδοξε

551 1109 911 1197 μονονουχὶ
940 1106 1115 1186 ,αὐτὸ
1158 1104 1557 1196 γιγνόμενον
1599 1105 1674 1173 τὸ
1720 1106 1933 1197 ἔργον.
2029 1108 2197 1175 ΛΠ.
2263 1107 2307 1173 o‘
2365 1108 2436 1176 δὲ
2477 1110 2632 1196 χαλ-

550 1211 696 1286 κεύς
753 1217 991 1286 ἐκεῖνος
1047 1211 1164 1277 οὐκ
1224 1213 1498 1278 αἰδεῖται
1538 1212 1648 1276 καὶ
1694 1210 1891 1287 αὐτὸς
1936 1211 2464 1299 ἐπιδεικνύμενος
2505 1211 2634 1296 τὴν

552 1315 866 1404 αἰσχύνην
909 1322 1025 1381 τοῦ
1071 1314 1334 1404 γάμους
1381 1318 1609 1384 EPM.
1661 1314 1759 1401 ,ud
1799 1315 1939 1393 Δί’,
1991 1318 2063 1391 ὅς
2105 1343 2179 1405 γε
2222 1317 2330 1382 καὶ
2374 1318 2631 1405 ἐπιγελᾷ

551 1417 828 1505 ἐφεστὼς
856 1419 1098 1494 αὐτοῖς.
1138 1418 1258 1508 ἐγώ
1291 1422 1543 1504 μέντοι,
1598 1424 1657 1486 εἰ
1681 1416 1797 1508 χρὴ
1836 1420 2120 1506 τάληθὲς
2151 1425 2378 1500 εἰπεῖν,
2423 1418 2633 1512 ἐφθόῂ-

552 1549 714 1592 νουν
775 1531 864 1613 τῷ
918 1524 1119 1611 ”Αρει
1181 1522 1277 1610 μῆ
1346 1521 1561 1609 μόνον
1620 1522 2042 1612 μοιχεύσαντι
2103 1523 2229 1609 τὴν
2290 1524 2632 1609 καλλίστην

551 1628 741 1708 θεὸν,
815 1627 970 1696 ἀλλὰ
1030 1629 1137 1694 καὶ
1194 1628 1517 1716 δεδεμένῳ
1576 1634 1727 1712 μετ’
1790 1627 2019 1712 αὐτῆς.
2144 1629 2313 1695 ΑΠ.
2391 1629 2631 1694 οὐκοῦν

412 1740 515 1793 247
550 1734 658 1799 καὶ
702 1733 1013 1800 δεδέσθαι
1058 1737 1099 1774 ³*
1146 1731 1230 1799 ἄν
1274 1731 1636 1818 ὑπέμεινας
1680 1733 1787 1797 ἐπὶ
1831 1730 2084 1819 τούτῳ,
2144 1734 2371 1800 ΕΡΜ.
2440 1731 2514 1806 σύ
2565 1733 2627 1797 δ’

553 1837 671 1903 οὐκ
716 1836 824 1915 ἄν,
855 1833 925 1902 ,ὦ
972 1836 1359 1918 ”Απολλον,·
1423 1836 1516 1903 ἰδὲ·
1561 1832 1783 1921 μόνον
1827 1834 2147 1901 ἐπελθών·
2198 1839 2630 1923 ἐπαινέσομαι

548 1938 674 2028 γάρ
722 1965 815 2019 σε,
864 1940 953 2023 ἢν
995 1938 1092 2025 μῆ
1138 1938 1219 2008 τὰ
1269 1943 1472 2027 ὅμοια
1516 1942 1623 2006 καὶ
1669 1938 1868 2013 αὐτὸς
1913 1938 2063 2030 εὔξῃ
2111 1940 2288 2007 ἰδών.

1706 2135 1794 2181 ,ον

551 2182 814 2253 ἐχόμενον
849 2182 1048 2236 ἑαυτὸν
1080 2184 1319 2239 ΒΑΟΔΩ
1353 2188 1410 2238 et
1442 2204 1490 2249 v,
1528 2183 1786 2252 ἐχόμενος
1822 2181 2021 2236 ἑαυτὸν
2057 2182 2181 2253 (sic)
2227 2188 2291 2246 Ψ,
2331 2182 2629 2253 γενόμενον

551 2270 751 2324 ἑαυτὸν
785 2270 849 2329 21.
922 2272 1190 2339 vulgatam
1236 2272 1367 2324 satis
1416 2289 1513 2339 ego
1569 2270 1778 2325 defendi
1825 2272 1884 2324 in
1927 2271 2168 2336 Quaestt.
2216 2272 2279 2326 L.
2315 2290 2367 2341 p.
2411 2275 2504 2329 101
2546 2290 2622 2342 sq.

550 2359 953 2458 ab'conjectura
987 2358 1187 2413 Struvii
1218 2359 1278 2412 L.
1316 2359 1376 2413 L.
1414 2377 1466 2427 p.
1505 2361 1610 2413 234
1646 2358 1808 2428 (nunc
1843 2358 2003 2411 etiam
2023 2358 2211 2412 Cobeti
2229 2360 2293 2413 V.
2317 2360 2377 2413 L.
2400 2378 2452 2428 p.
2478 2359 2625 2427 107):

553 2464 575 2495 ἕ
612 2463 640 2495 0
689 2464 778 2497 evo
810 2483 824 2496 ι

578 2465 607 2510 κ
643 2464 737 2588 μ2.
785 2465 980 2584 ςαῦτὸν
1010 2530 1226 2594 ΒΑἳῑΩ,
1270 2531 1464 2589 αὐτοὺς
1507 2537 1563 2584 Ψ
1591 2535 1646 2586 et
1678 2552 1725 2587 v.
1767 2525 1859 2593 (de
1896 2532 1989 2586 CA
2020 2549 2127 2586 non
2160 2531 2366 2601 liquet).
2506 2532 2631 2588 τοὺς

550 2618 737 2687 θεοὺς]
775 2619 903 2676 τοὺς
923 2618 1092 2676 θεοὺς
1128 2617 1371 2677 ἅπαντας
1398 2625 1462 2682 Ψ,
1500 2620 1650 2674 male.
1794 2616 2187 2688 ἐπιδείκνυται]
2210 2615 2542 2672 ἐπιδεικνύει
2560 2618 2622 2676 21.

655 2705 860 2775 αὐτοῖς]
884 2704 1053 2759 αὐτοῦ
1073 2710 1136 2760 Δ.
1255 2706 1401 2760 κάτω
1423 2705 1755 2775 νενευκότες]
1776 2704 2231 2762 κατανενευκότες
2249 2703 2313 2762 21.
2440 2704 2626 2766 ξυνδε-

552 2791 812 2862 δεσμὲνοι
845 2810 910 2862 pr
943 2796 1063 2846 mA
1098 2793 1412 2861 (correctum
1448 2795 1620 2848 deleto
1658 2794 1730 2864 σ).
1875 2791 2055 2860 ἔδοξε]
2079 2790 2274 2854 ἔδοξεν
2292 2790 2407 2849 2152.
2467 2791 2625 2855 ἔδοξε

549 2887 644 2933 καὶ
677 2886 974 2949 μονονουχὶ
1011 2882 1289 2935 Jacobsius
1326 2881 1393 2934 ad
1426 2880 1622 2934 Achill.
1660 2882 1777 2935 Tat.
1821 2900 1871 2951 p.
1910 2883 2031 2936 446.
2171 2877 2496 2950 γιγνόμενον
2531 2879 2629 2937 21A

549 2971 605 3021 et
639 2986 686 3033 v,
720 2965 1012 3037 γινόμενον
1044 2968 1259 3021 ΒΑΨΩ.
1407 2963 1668 3034 αἰδεῖται]
1710 2964 1922 3019 ἑδεῖται
1965 2971 2029 3028 Ψ,
2068 2962 2262 3038 ᾐδεῖτο
2302 2963 2367 3022 21.
2526 2966 2625 3020 Μὰ

445 3082 465 3093 ·
549 3057 657 3107 Δία
694 3056 743 3120 J,
789 3054 875 3122 Νὴ
915 3052 1003 3107 Δί’
1043 3052 1108 3111 21.
1264 3052 1508 3123 ἐφεστὼς
1559 3051 1747 3109 αὖτοῒς
1778 3050 2094 3113 ΒΑΟΔἋΨ,
2152 3049 2339 3109 αὐτοῖς
2387 3051 2629 3122 ἐφεστώς

547 3143 598 3192 Ω
633 3144 689 3194 et
721 3160 767 3195 v.
909 3139 1212 3208 ἐφθόνουν]
1253 3140 1454 3209 φθονῶ
1492 3139 1557 3198 21.
1699 3137 1862 3208 θεὸν]
1897 3138 2012 3191 τῶν
2046 3138 2203 3190 θεῶν
2239 3137 2304 3196 21.
2468 3138 2624 3194 δεδέ-

551 3229 691 3281 σθαι
727 3228 959 3293 bodiceS,
1008 3222 1305 3280 δεδεῒσθαι
1351 3227 1465 3282 abc.
1628 3221 1733 3295 ἰδὲ]
1777 3221 1890 3280 εἰδὲ
1927 3229 1990 3278 Δ.
2067 3242 2202 3280 nova
2248 3244 2473 3295 persona
2505 3233 2627 3282 ante

551 3309 635 3365 ι’δὲ
671 3315 729 3368 in
761 3312 828 3367 A.
985 3309 1258 3379 ἐπελθὼν]
1301 3311 1567 3366 ἀπελθὼν
1603 3311 1667 3370 21.
1827 3311 1896 3380 ἦν
1932 3313 2036 3382 μὴ]
2091 3308 2147 3365 εἶ
2187 3312 2264 3381 μὴ
2305 3312 2414 3370 ἓῑΨ.
2555 3319 2626 3367 τὰ

551 3398 722 3466 ὅμοια
758 3404 851 3450 καὶ
889 3396 1076 3456 αὐτοῖς
1118 3402 1182 3461 Ψ,
1223 3406 1316 3452 καὶ
1355 3397 1519 3456 αὐτὸς
1553 3399 1622 3453 τὰ
1662 3398 1833 3468 ὅμοια
1853 3398 1919 3457 21.
2064 3395 2240 3467 ι’δών.]
2266 3395 2417 3453 ἰδών.
2493 3405 2622 3453 ΛΠ.

551 3481 928 3553 ἀπελεύσομαι
964 3483 1029 3550 21,
1079 3486 1218 3541 mala
1250 3487 1672 3556 interpolatione.
1743 3488 1802 3541 in
1834 3488 1937 3541 hoc
1973 3487 2183 3555 dialogo
2219 3487 2385 3540 videri
2418 3491 2627 3558 poterat

547 3573 679 3627 satis
727 3589 844 3627 esse
877 3572 1203 3641 hypothesin
1250 3574 1480 3628 scribere
1527 3573 1633 3627 loci
1676 3591 1782 3627 non
1829 3591 1954 3628 sane
2000 3575 2137 3642 epici
2174 3574 2267 3626 sed
2303 3574 2491 3628 comici
2527 3574 2625 3629 Od.

545 3658 625 3723 θ’,
664 3663 767 3716 267
805 3677 922 3730 sqq.
995 3676 1056 3712 ac
1089 3677 1216 3714 sane
1249 3677 1432 3714 versus
1467 3663 1745 3716 334—342
1783 3659 1935 3730 (quos
1970 3662 2029 3714 in
2065 3677 2160 3713 suo
2193 3661 2411 3714 Homeri
2447 3662 2625 3715 codice

547 3748 811 3802 Lucienus
847 3746 1157 3815 invenerat),
1191 3748 1285 3801 ubi
1316 3746 1507 3817 Apollo
1544 3763 1666 3800 oum
1682 3748 1946 3808 Mercurio
1984 3746 2332 3815 conloquitur,
2367 3763 2489 3800 cum
2523 3746 2626 3800 fine

547 3834 746 3902 dialogi
788 3834 962 3887 nostri
1007 3835 1339 3888 conveniunt.
1419 3835 1554 3887 bene
1608 3837 1787 3911 tamen
1842 3832 2282 3887 Hemsterhusius
2329 3832 2626 3902 Apollinem

547 3920 790 3976 observat
823 3919 1037 3974 deorum
1069 3923 1394 3990 postremum
1427 3922 1493 3974 ab
1512 3922 1740 3993 Homero
1756 3921 1886 3990 poni
1919 3938 1965 3975 v.
1983 3921 2105 3985 323,
2142 3920 2235 3989 qui
2269 3919 2337 3973 ad
2369 3920 2471 3973 hoc
2506 3937 2625 3988 spe-

548 4005 815 4060 ctaculum
850 4006 1179 4061 advenerint:
1234 4006 1371 4073 ‚inde
1406 4010 1602 4073 noster,
1650 4007 1839 4077 inquit,
1875 4006 2198 4061 Mercurium
2231 4005 2362 4059 fecit
2396 4007 2525 4060 haec
2559 4005 2623 4058 ab

548 4109 606 4146 se
636 4092 745 4161 jam
778 4094 893 4147 visa
924 4092 1163 4162 Apollini
1196 4095 1438 4148 narrare‘.
1510 4096 1590 4147 ita
1622 4095 1683 4147 in
1715 4093 1941 4146 maxima
1987 4092 2184 4161 dialogi
2224 4095 2376 4162 parte
2411 4092 2626 4146 Homeri

546 4180 899 4234 narrationem
933 4183 1057 4248 post
1090 4199 1138 4235 v.
1177 4183 1280 4235 323
1316 4182 1431 4249 ipse
1467 4181 1744 4234 continuat
1779 4182 1835 4233 et
1869 4196 1931 4232 ea
1964 4180 2193 4249 supplet,
2229 4196 2362 4248 quae
2396 4179 2624 4232 Homero

548 4285 578 4319 e
611 4269 788 4320 mente
823 4266 1030 4320 scilicet
1064 4267 1366 4332 exciderint,
1402 4268 1459 4319 in
1494 4267 1600 4321 fine
1635 4268 1812 4319 autem
1841 4266 2166 4335 hypothesin
2201 4265 2349 4319 addit
2383 4282 2625 4320 versuum

547 4355 841 4420 334—342,
898 4370 1030 4423 quae
1074 4355 1361 4407 Homerum
1419 4356 1564 4407 recte
1621 4369 1863 4433 narrasse
1908 4352 2102 4409 innuit.
2185 4355 2451 4421 postremo
2504 4355 2626 4422 apte
