3099 5241
497 407 678 462 CVIII
1300 408 1398 462 DE
1450 407 1779 463 NUMERIS

500 583 650 648 inde
707 583 1017 667 dissentit,
1076 584 1187 649 sed
1247 586 1437 649 etiam
1497 585 1578 648 de
1621 586 1781 669 ipsis
1825 585 2113 649 numeris
2156 586 2361 650 multa
2406 585 2585 649 addit

499 687 581 752 ab
624 688 832 752 Tullio
887 690 1139 753 omissa.
1230 689 1405 753 Hinc
1460 689 1671 754 elucet
1727 690 1883 753 alios
1930 688 2325 765 Quintiliano
2383 690 2583 753 fuisse

501 798 822 857 auctores:
893 798 968 857 ut
1029 791 1110 876 (si
1178 798 1393 858 tamen
1448 794 1951 877 Theophrastum
2012 793 2229 858 Cicero
2289 794 2582 878 inprimis

501 897 835 980 expressit)
895 898 1033 980 ipse
1094 899 1309 981 potius
1353 898 1455 962 vel
1498 898 1917 963 Theodectem
1959 898 2063 963 vel
2105 898 2440 983 Ephorum
2482 898 2585 964 vel

502 1000 886 1066 Naucratem
954 1002 1036 1066 sit
1101 1007 1379 1066 secutus.
1469 1004 1746 1066 Tantum
1812 1008 2025 1066 tamen
2094 1002 2286 1085 abest,
2353 1007 2428 1067 ut
2489 1003 2585 1066 illi

501 1105 772 1170 verbum
832 1106 910 1171 de
968 1105 1163 1170 verbo
1220 1107 1638 1190 reddiderint,
1706 1112 1779 1171 ut
1838 1126 1956 1171 suo
2016 1111 2288 1192 uterque
2338 1108 2584 1189 judicio

503 1214 724 1274 utatur
777 1210 1111 1294 multaque
1163 1212 1301 1294 ipse
1358 1211 1615 1293 adjiciat
1674 1219 1737 1276 et
1797 1214 2076 1275 maxime
2132 1210 2403 1293 TulliuS,
2472 1212 2585 1294 qui

505 1336 557 1379 c.
607 1317 723 1380 67:
798 1315 1020 1399 ,plura,
1085 1316 1325 1398 inquit,
1394 1316 1471 1380 de
1538 1335 1884 1380 numerosa
1951 1316 2233 1380 oratione
2300 1315 2587 1379 diximus

508 1440 701 1504 quam
773 1420 1118 1504 quisquam
1185 1426 1333 1484 ante
1398 1422 1557 1484 nos‘.
1663 1421 1858 1484 Nunc
1918 1421 2207 1504 'primum
2273 1420 2350 1484 de
2414 1421 2588 1484 vitiis

507 1524 831 1589 Ciceronis
876 1525 1145 1608 ejusque
1188 1525 1525 1608 pedisequi
1572 1545 1892 1609 exponere
1949 1525 2174 1609 placet,
2234 1525 2466 1589 deinde
2511 1524 2589 1588 de

506 1629 845 1713 utriusque
902 1628 1270 1693 virtutibus.
1377 1629 1603 1693 Unum
1663 1631 1852 1694 modo
1910 1649 2204 1710 errorem,
2272 1628 2385 1693 sed
2440 1647 2587 1692 eum

508 1735 863 1797 maximum
911 1733 983 1797 O.
1017 1732 1295 1798 Jahnius
1339 1734 1410 1797 in
1456 1734 1703 1818 Proleg.
1737 1755 1798 1818 p.
1835 1736 1918 1799 23
1963 1734 2253 1815 Ciceroni
2296 1734 2590 1817 imputat,

511 1836 685 1920 quod
728 1842 960 1902 natura
987 1838 1291 1921 rhythmi,
1336 1839 1510 1903 unde
1538 1838 2076 1922 proficiscendum
2106 1838 2318 1920 fuerit,
2363 1856 2591 1920 parum

510 1941 594 2005 sit
655 1942 1010 2007 inlustrata.
1098 1943 1237 2007 Nec
1302 1962 1458 2007 sane
1527 1961 1692 2026 quae
1760 1962 1812 2006 c.
1878 1945 1962 2008 53
2032 1963 2169 2026 sqq.
2241 1962 2316 2006 ea
2382 1941 2460 2005 de
2522 1959 2591 2005 re

508 2046 837 2130 leguntur,
903 2052 1176 2130 possunt
1241 2047 1600 2135 satisfacere
1668 2047 1859 2131 culpa
1924 2048 2115 2111 etiam
2169 2046 2587 2111 librariorum.

510 2150 771 2215 Etenim
850 2171 903 2214 c.
974 2150 1061 2215 56
1141 2171 1345 2234 quum
1426 2156 1705 2215 caeteros
1781 2157 1922 2215 tum
1989 2150 2301 2215 Jahnium
2380 2151 2592 2233 gravis

512 2256 744 2319 menda
823 2256 893 2318 in
975 2256 1075 2320 his
1152 2256 1406 2339 effugit:
1491 2257 1740 2339 ,quodsi
1811 2261 1874 2320 et
1939 2260 2210 2339 angusta
2280 2253 2594 2338 quaedam

513 2364 707 2443 atque
754 2361 1009 2424 concisa
1052 2366 1115 2424 et
1160 2359 1283 2423 alia
1329 2364 1425 2424 est
1469 2361 1726 2424 dilatata
1771 2365 1833 2424 et
1875 2360 2022 2424 fusa
2065 2359 2280 2441 orati0,
2334 2377 2595 2423 necesse

514 2469 611 2529 est
654 2463 720 2527 id
763 2484 895 2528 non
939 2465 1265 2530 literarum
1311 2466 1596 2529 accidere
1640 2470 1891 2547 natura,
1949 2464 2061 2528 sed
2118 2463 2597 2528 intervallorum

512 2568 852 2653 longorum
896 2574 960 2634 et
1002 2569 1296 2635 brevium
1338 2570 1676 2634 varietate:
1743 2568 1982 2653 quibus
2035 2568 2360 2653 implicata
2404 2571 2597 2651 atque

515 2675 832 2759 permixta
875 2677 1072 2739 oratio
1119 2677 1426 2758 quoniam
1470 2681 1612 2740 tum
1657 2674 1905 2739 stabilis
1950 2679 2048 2738 est
2090 2678 2229 2737 tum
2274 2671 2598 2753 volubiliS,

517 2798 862 2843 necesse
920 2785 1046 2844 est
1099 2780 1516 2862 ejusmodi
1563 2784 1942 2843 naturam
1990 2779 2359 2843 numeris
2405 2796 2600 2841 con-

518 2884 831 2948 tineri‘.
907 2884 1003 2948 Tu
1047 2884 1147 2948 fac
1192 2884 1489 2968 suppleas
1524 2885 1934 2967 corrigasque
1976 2884 2049 2946 in
2092 2884 2268 2946 hunc
2299 2882 2596 2946 modum:

520 3006 863 3052 necesse
949 2993 1074 3052 est
1161 2989 1619 3071 ejusmodi*
1666 2985 2211 3072 [varietatem]
2300 2989 2602 3051 natura

520 3093 847 3156 numeri
914 3094 1359 3157 contineri.
1453 3093 1688 3156 Adhuc
1753 3094 1926 3157 enim
1992 3092 2100 3155 illo
2156 3092 2295 3155 loco
2353 3089 2601 3154 Tullius

519 3201 809 3260 versatur
861 3197 931 3260 in
991 3198 1370 3281 explicanda
1424 3198 1679 3261 numeri
1733 3201 1979 3260 natura.
2070 3196 2159 3259 At
2205 3196 2298 3259 sic
2342 3213 2602 3278 quoque

524 3319 640 3385 ego
686 3320 788 3365 me
831 3301 1004 3365 haud
1051 3302 1340 3384 diffiteor,
1388 3303 1697 3386 quidnam
1746 3302 1828 3365 sit
1876 3305 2122 3382 ,natura
2165 3299 2436 3362 numeri‘
2468 3317 2602 3361 non

524 3424 608 3469 ex
673 3405 794 3468 hoc
858 3407 1072 3489 potius
1128 3405 1447 3471 Ciceronis
1514 3407 1652 3470 loco
1711 3426 1904 3490 quam
1962 3404 2040 3468 ab
2098 3403 2171 3467 G.
2229 3402 2602 3466 Hermanno

525 3512 932 3574 metricorum
989 3512 1304 3595 principe,
1338 3513 1615 3596 primum
1661 3518 1830 3575 recte
1876 3509 2192 3573 didicisse.
2283 3506 2604 3590 Equidem

526 3615 651 3679 alia
694 3616 848 3679 vitia
893 3615 1187 3698 adferam,
1231 3617 1301 3680 in
1350 3636 1514 3700 quae
1552 3617 1889 3700 scriptores
1921 3614 1999 3678 ab
2034 3614 2297 3678 Graecia
2327 3612 2605 3675 nimium

528 3721 827 3804 suspensi
902 3721 1084 3785 facile
1164 3726 1454 3806 poterant
1535 3720 1834 3785 incidere.
1945 3718 2235 3784 Primum
2304 3717 2477 3780 enim
2544 3719 2606 3779 et

530 3824 748 3890 Cicero
795 3831 857 3890 et
895 3824 1335 3901 Quintilianus
1379 3825 1626 3909 ubique
1672 3825 1765 3888 sic
1809 3827 2030 3907 agunt,
2079 3822 2266 3904 quasi
2311 3840 2387 3885 ea
2429 3839 2607 3904 prae-

530 3936 728 4016 cepta,
796 3950 959 4014 quae
1015 3932 1167 3996 solis
1225 3931 1481 3995 Graecis
1539 3930 1763 3994 Graeci
1820 3927 2143 4007 dederant,
2209 3926 2424 3989 omnia
2475 3925 2606 3988 fere

532 4038 678 4101 data
730 4035 969 4102 fuerint
1022 4038 1211 4102 etiam
1256 4036 1585 4101 Romanis.
1677 4034 1767 4098 At
1822 4052 2025 4115 quum
2086 4031 2156 4093 in
2214 4030 2501 4093 numeris
2546 4033 2608 4093 et

530 4143 600 4205 in
657 4142 874 4206 metris
932 4141 1210 4206 brevitas
1266 4140 1654 4224 syllabarum
1712 4143 1774 4203 et
1829 4136 2163 4220 longitudo
2209 4135 2607 4199 momentum

531 4247 802 4327 faciant,
871 4245 950 4309 ab
1018 4247 1212 4311 altera
1275 4246 1500 4328 lingua
1565 4243 1825 4307 alteram
1890 4240 2245 4325 plurimum
2310 4238 2609 4303 videmus

537 4352 800 4437 distare,
877 4369 1165 4441 graecam
1248 4347 1552 4418 brevibus
1634 4345 1959 4415 abundare
2024 4342 2320 4431 syllabis,
2397 4341 2610 4431 longis
