3099 5241
636 1598 930 1709 Librum
988 1636 1470 1724 ,Δημώνακτος
1527 1638 1721 1712 Ba'og‘
1779 1640 1841 1703 J.
1904 1637 2302 1720 Bernaysius
2362 1640 2453 1721 (in
2510 1639 2552 1702 1.

469 1749 732 1833 ‚Lucian
799 1746 939 1811 und
1007 1745 1110 1810 die
1177 1745 1485 1828 Kyniker‘
1564 1766 1626 1828 p.
1694 1744 1838 1826 105)
1908 1744 2071 1808 duce
2137 1743 2197 1807 J.
2264 1742 2554 1808 Bekkero

465 1853 737 1918 Luciani
805 1870 944 1916 esse
1009 1853 1288 1935 negavit.
1383 1850 1504 1914 Cui
1560 1851 1697 1913 viro
1751 1847 1825 1911 Ε.
1891 1848 2173 1932 Ziegeler
2239 1848 2331 1929 (in
2390 1846 2554 1910 Nov.

465 1957 698 2021 Annal.
744 1955 971 2020 Philol.
1022 1955 1261 2021 editore
1304 1955 1385 2018 A.
1426 1954 1799 2018 Fleckeisen
1830 1952 1975 2016 Vol.
2020 1951 2329 2034 GXXHI,
2374 1951 2552 2015 Fasc.

466 2063 577 2126 Vt⁰
616 2049 789 2146 Lips.
837 2082 894 2124 a.
945 2060 1136 2139 1881)
1193 2061 1285 2137 ita
1343 2079 1410 2124 se
1457 2059 1776 2142 opposuit,
1820 2062 1896 2121 ut
1937 2058 1981 2120 l.
2028 2057 2069 2119 1.
2118 2077 2180 2140 p.
2229 2057 2355 2122 329
2400 2055 2556 2120 Ber-

341 2248 344 2253 !
470 2167 687 2248 naysii
728 2164 1126 2250 argumentis
1173 2164 1408 2248 optime
1451 2164 1743 2227 refutatis
1766 2156 1972 2225 'illum
2001 2160 2240 2225 librum
2269 2159 2556 2224 Luciano

466 2272 590 2356 ipsi
654 2271 904 2354 egregie
960 2269 1314 2334 vindicaret
1369 2273 1565 2352 atque
1620 2286 1875 2331 mecum
1943 2266 2033 2348 (in
2090 2264 2236 2330 edit.
2285 2263 2558 2328 Luciani

467 2375 608 2440 Vol.
654 2374 722 2438 ΙΙ
775 2375 848 2439 Ρ.
895 2373 929 2437 I
984 2395 1045 2458 p.
1099 2375 1244 2455 189)
1313 2374 1502 2458 plane
1564 2371 1965 2436 consentiret.
2056 2369 2384 2453 Deinceps
2432 2370 2472 2435 1.
2517 2370 2556 2432 1.

465 2501 527 2564 p.
577 2480 705 2546 330
760 2498 900 2563 sqq.
961 2477 1037 2542 Ε.
1085 2477 1367 2562 Ziegeler
1423 2478 1758 2562 opiniones
1814 2476 1892 2539 A.
1940 2475 2282 2540 Schwarzii
2352 2473 2558 2557 (,iiber

464 2584 744 2649 Lucians
811 2582 1196 2666 Demonax‘‚
1254 2582 1549 2649 Viennae
1610 2602 1665 2645 a.
1717 2580 1838 2646 187
1844 2579 1911 2665 8)
1980 2579 2143 2645 bene
2209 2579 2552 2665 redarguit.

465 2690 631 2754 Nam
692 2708 809 2774 ego
872 2688 949 2752 de
1006 2688 1128 2751 hac
1172 2687 1520 2752 Schwarzii
1579 2687 2111 2750 commentatione
2171 2704 2402 2769 parum
2458 2686 2557 2748 in-

464 2794 712 2859 tellecta
776 2812 909 2857 non
967 2791 1280 2857 habebam
1338 2811 1555 2876 neque
1614 2791 1774 2875 quid
1828 2789 2169 2854 scriberem
2232 2808 2355 2853 nec
2402 2809 2558 2873 quo-

467 2898 656 2963 modo
703 2896 1046 2962 scriberem
1091 2916 1214 2962 nec
1260 2898 1420 2981 quid
1458 2897 1720 2961 omnino
1750 2914 1882 2958 non
1915 2894 2275 2959 scriberem.
2351 2892 2558 2970 Quem

468 3023 585 3088 ego
655 3022 858 3087 quum
925 3001 1235 3067 vidissem
1308 3000 1599 3066 libellum
1666 2994 2146 3081 ,Δημώνακτος
2212 2995 2407 3070 Biog‘
2475 2997 2556 3061 ob

466 3107 732 3171 idoneas
789 3125 1016 3170 causas
1058 3103 1348 3170 Luciano
1408 3105 1713 3187 tribuere,
1781 3105 1949 3168 sicut
2008 3123 2123 3188 ego
2182 3102 2557 3187 judicaram,

468 3212 684 3275 virum
738 3212 964 3276 merito
1026 3212 1206 3296 coepi
1262 3210 1541 3275 laudare.
1633 3209 1724 3272 At
1780 3227 1935 3272 mox
1995 3207 2304 3293 obstupui
2323 3223 2555 3293 'quum

464 3316 781 3401 legissem,
852 3316 1012 3399 quid
1079 3315 1158 3380 de
1210 3311 1352 3400 ip'so
1407 3314 1800 3380 Demonacte
1861 3312 2218 3377 Schwarzio
2275 3313 2551 3398 placeat:

466 3422 673 3505 placet
727 3424 945 3486 autem
989 3419 1346 3485 Schwarzio
1405 3420 1526 3484 soli
1573 3418 2051 3502 ,Demonactem
2104 3417 2557 3502 philosophum

467 3546 806 3611 nunquam
863 3524 1143 3590 vixisse‘.
1237 3523 1378 3601 Quo
1439 3525 1668 3608 magis·
1705 3525 2140 3588 necessarium
2186 3527 2283 3587 est
2324 3521 2559 3587 Demo-

468 3632 676 3695 nactis
717 3630 1092 3715 fragmenta,
1155 3649 1321 3714 quae
1365 3628 1695 3693 Rostochii
1740 3648 1796 3691 a.
1847 3628 2017 3694 1866
2063 3628 2343 3710 primum
2389 3626 2559 3691 edita

469 3741 642 3818 sunt,
710 3734 790 3799 ab
857 3755 961 3800 me
1013 3736 1249 3800 iterum
1304 3735 1375 3798 in
1432 3734 1646 3798 lucem
1702 3725 1998 3817 proferri:
2071 3750 2235 3816 quae
2295 3731 2350 3795 si
2411 3732 2557 3815 quis

468 3841 713 3925 legerit,
773 3841 831 3905 is
877 3839 1312 3905 Schwarzium
1354 3838 1657 3903 fatebitur
1699 3856 1974 3903 errorem
2016 3838 2346 3921 ingentem
2389 3854 2561 3899 com-

469 3946 723 4012 misisse
767 3965 842 4009 ac
885 3963 1089 4029 paene
1117 3925 1579 4009 incredibilem.
1673 3941 1801 4007 Sed
1833 3961 1997 4026 quae
2027 3941 2290 4006 offensio
2319 3939 2560 4004 librum

473 4051 657 4132 Δημ.
705 4047 871 4126 Βίος
914 4048 1154 4133 legenti
1200 4048 1518 4132 objicitur,
1565 4067 1641 4113 ea
1682 4067 1864 4113 nunc
1909 4047 2167 4111 demum
2209 4050 2341 4112 tota
2384 4046 2561 4110 vide-

469 4159 576 4219 tur
620 4152 874 4218 sublata
917 4173 1075 4218 esse.
1163 4154 1421 4218 Etenim
1463 4154 1621 4218 haec
1662 4152 2021 4236 fragmenta
2074 4151 2145 4214 id
2195 4156 2291 4215 est
2332 4149 2559 4215 breves

468 4278 762 4343 gnomae,
829 4278 1105 4344 quarum
1159 4278 1305 4343 pars
1365 4263 1634 4324 aetatem
1688 4257 1857 4339 tulit,
1920 4275 2004 4321 ex
2058 4240 2279 4341 ipsius
2322 4253 2559 4319 Demo-

470 4363 676 4428 nactis
733 4363 988 4429 schedis
1067 4363 1260 4447 paulo
1326 4368 1471 4448 post
1535 4366 1802 4427 mortem
1870 4358 1949 4424 ab
2006 4360 2130 4424 alio
2186 4359 2560 4445 philosopho
