3099 5241
1240 412 1735 463 HPOMHoEm.
2381 379 2522 450 127

444 588 614 669 κρῶν
660 582 757 648 δεῖ
798 579 1008 670 λόγων
1050 581 1157 647 καὶ
1204 585 1428 667 ἱκανῆς
1472 605 1649 655 τινος
1694 588 2113 667 παρασκευῆς
2158 581 2264 648 ἐπὶ
2308 578 2389 648 τὰ
2425 581 2529 648 σοὶ

444 688 905 776 πεπραγμένα,
978 684 1116 775 οὐχὶ
1185 685 1256 752 δὲ
1315 682 1568 775 ἀπόχρη
1628 683 1709 751 τά
1763 683 2079 772 κεφάλαια
2139 690 2346 753 εἰπεῖν
2398 694 2531 754 τῶν

448 788 892 877 ἀδικημάτων,
947 792 1047 857 ὅτι
1091 789 1449 875 ἐπιτραπέν
1495 814 1599 855 σοι
1641 795 1960 876 μοιρᾶσαι
2002 788 2083 856 τά
2129 791 2280 876 κρέα
2316 798 2528 879 σαυτῷ

445 899 576 982 μὲν
616 894 696 961 τά
744 892 1047 962 κάλλιστα
1103 891 1469 980 ἐφύλαττες,
1521 892 1935 979 ἐξηπάτησας
1982 894 2052 961 δὲ
2085 893 2206 962 τὸν
2232 896 2523 982 βασιλέα,

445 1000 551 1065 καὶ
594 997 750 1073 τούς
796 995 1195 1082 ἀνθρώπους
1241 997 1615 1072 ἀνέπλασας
1661 996 1855 1064 οὐδὲν
1904 998 2076 1078 δέον,
2126 1000 2232 1064 καὶ
2275 998 2353 1066 τὸ
2398 1006 2529 1086 πῦρ

447 1104 685 1187 κλέψας
727 1105 885 1190 παρ’
932 1101 1127 1186 ἡμῶν
1172 1100 1479 1187 ἐκόμισας
1525 1107 1589 1176 ές
1635 1100 1897 1177 αὐτούς.
1990 1103 2101 1169 καί
2139 1128 2261 1189 μοι
2297 1103 2525 1183 δοκεῖς,

450 1203 498 1273 ὦ
563 1208 870 1294 βέλτιστε,
960 1202 1058 1291 μὴ
1143 1219 1431 1273 συνεῖναι
1516 1207 1624 1272 ἐπὶ
1691 1219 1827 1281 τοῖς
1891 1204 2291 1292 τηλικούτοις
2352 1205 2536 1275 πάνυ

449 1308 924 1397 φιλανθρώπου
1001 1317 1118 1375 τοῦ
1199 1308 1359 1384 Διὸς
1440 1311 1949 1396 πεπειραμένος.
2088 1315 2149 1378 εἷ
2219 1315 2343 1397 μὲν
2414 1307 2535 1377 οὖν

450 1413 713 1500 ’έξαρνος
781 1413 844 1479 εἷ
899 1412 997 1500 μὴ
1069 1411 1419 1502 εἰργάσθαι
1487 1412 1677 1495 αὐτοὶ,
1753 1413 1968 1500 δεήσει
2034 1417 2140 1482 καὶ
2202 1416 2535 1505 διελέγχειν

450 1519 555 1584 καὶ
602 1518 795 1607 ῥῆσίν
837 1542 984 1585 τινα
1028 1516 1288 1604 μακρὰν
1338 1517 1705 1585 ἀποτείνειν
1751 1520 1858 1584 καὶ
1902 1526 2265 1607 πειρᾶσθαι
2309 1518 2393 1594 ὡς
2438 1518 2535 1586 ἔνι

450 1622 733 1709 μάλιστα
794 1622 1165 1708 ἐμφανίζειν
1221 1620 1347 1706 τὴν
1405 1620 1752 1707 ἀληθειαν·
1818 1627 1879 1689 εἰ
1935 1623 2004 1690 δὲ
2049 1622 2177 1710 φῆς
2218 1622 2536 1708 τοιαύτην

452 1734 869 1811 πεποιῆσθαι
932 1723 1054 1811 τὴν
1123 1724 1338 1812 νομῆν
1406 1734 1533 1793 τῶν
1600 1733 1803 1812 κρεῶν
1866 1729 1974 1793 καὶ
2038 1727 2118 1795 τά
2176 1729 2324 1813 περὶ
2382 1727 2545 1803 τούς,

455 1829 854 1917 ἀνθρώπους
899 1837 1367 1918 καινουργῆσαι
1411 1832 1515 1896 καὶ
1561 1829 1637 1898 τὸ
1683 1838 1816 1918 πῦρ
1859 1834 2254 1919 κεκλοφέναι,
2309 1838 2536 1907 ἱκανῶς

455 1932 895 2024 κατηγόρηταί
934 1959 1076 2019 μοι,
1126 1935 1233 1999 καὶ
1293 1932 1667 2021 μακρότερα
1716 1935 1833 2001 οὐκ
1880 1935 1960 2001 ἀν
2010 1936 2285 2022 εἴποιμι·
2341 1937 2536 2023 λῆρος

452 2038 577 2129 γάρ
622 2037 821 2114 ἄλλως
864 2036 939 2105 τὸ
985 2046 1311 2106 τοιοῦτον.
1410 2043 1466 2106 7.
1529 2040 1838 2107 ΠΡΟΜ.
1906 2044 1963 2105 εἰ
2004 2044 2133 2127 μὲν
2176 2041 2283 2106 καὶ
2327 2047 2536 2107 ταῦτα

448 2136 647 2230 λῆρός
692 2150 887 2223 ἐστιν,
941 2144 985 2209 ὅῖ
1027 2147 1068 2185 ³*
1115 2147 1371 2230 εἴρηκας
1417 2141 1742 2230 εἰσόμεθα
1788 2143 2026 2232 μικρὸν
2069 2146 2366 2230 ὕστερον·
2418 2142 2536 2235 ἐγώ
2574 2160 2672 2215 191

457 2247 527 2314 δὲ
571 2248 834 2333 ἐπείπερ
883 2245 1071 2314 ἱκανοὶ
1115 2246 1243 2333 φης
1289 2247 1455 2313 εἶναι
1497 2244 1579 2313 τά
1626 2251 2153 2337 κατηγορημένα,
2223 2247 2539 2335 πειράσο-

454 2377 580 2438 μαι
626 2350 708 2426 ὡς
754 2351 839 2418 ἀν
885 2348 1023 2426 οἶός
1065 2377 1136 2417 τε
1182 2348 1253 2430 ὦ,
1328 2348 1773 2419 διαλύσασθαι
1814 2351 1894 2418 τά
1942 2351 2338 2441 ἐγκλήματα.
2432 2354 2550 2419 καὶ·

455 2452 714 2541 πρῶτόν
772 2482 846 2545 γε
904 2454 1101 2522 ἄκουε
1152 2453 1228 2522 τό
1291 2456 1441 2541 περὶ
1498 2463 1631 2523 τῶν
1685 2463 1907 2542 κρεῶν.
2001 2456 2231 2537 καίτοι,
2293 2455 2374 2542 νῆ
2421 2456 2536 2523 τὸν

465 2558 797 2647 Οὐρανὸν,
848 2560 952 2625 καὶ
998 2566 1120 2627 νῦν
1165 2560 1365 2648 λέγων
1395 2557 1562 2627 αὐτοὶ
1596 2559 1989 2650 αἰσχύνομαι
2014 2560 2178 2648 ὑπὲρ
2207 2567 2325 2628 τοῦ
2349 2559 2545 2640 Διὸς,-

458 2669 518 2731 εἰ
581 2666 754 2731 οὕτω
819 2664 1207 2753 μικρολόγος
1273 2666 1380 2730 καὶ
1437 2664 1898 2753 μεμψίμοιρός
1960 2672 2155 2745 ἐστιν,
2229 2665 2313 2741 ὡς
2374 2665 2538 2733 διότι
2581 2668 2594 2683 Χ

456 2769 692 2856 μικρὸν
738 2768 979 2837 ὀστοῦν
1023 2774 1089 2834 ἐν
1134 2775 1217 2857 τῇ
1260 2768 1477 2856 μερίδι
1521 2757 1689 2857 εὗρε,
1739 2773 2217 2857 κατααπέμψαι
2253 2770 2538 2838 ἀνασκο-

598 2965 648 3017 6.
719 2959 863 3015 πάνυ
901 2960 1120 3031 γοῦν-
1141 2959 1259 3027 οὗχὶ
1297 2957 1382 3030 δέ]
1410 2962 1668 3032 quomodo
1688 2963 1819 3017 haec
1853 2963 2250 3032 interpretanda
2283 2963 2408 3028 sint,
2446 2963 2538 3015 do-

460 3050 547 3103 cui
580 3050 638 3102 in
674 3049 913 3115 Quaestt.
946 3050 1008 3103 L.
1025 3066 1078 3119 p.
1117 3052 1185 3104 86
1220 3049 1467 3103 refutatis
1504 3038 1822 3119 conjectufis
1867 3050 2279 3104 Hemsterhusii.
2425 3046 2536 3117 δεῖ]

462 3131 587 3200 δέηι
619 3136 682 3190 Β.
823 3137 975 3190 libri:
1023 3132 1213 3203 ἱκανῆς
1246 3155 1395 3192 τινος
1427 3156 1486 3187 π.
1564 3138 1621 3190 at
1656 3137 1889 3205 corrigo:
1946 3132 2228 3203 δικανικῆς
2272 3155 2420 3192 τινος
2452 3156 2533 3197 π.,

459 3223 602 3276 sicut
635 3225 720 3276 est
765 3223 822 3275 in
857 3223 1056 3277 Piscat.
1096 3225 1190 3278 23:
1248 3219 1385 3274 ἀλλά
1418 3242 1567 3279 τινος
1595 3252 1664 3260 --
1696 3220 1980 3289 δικανικῆς
2013 3221 2382 3292 παρασκευῆς.

464 3306 676 3375 ἀπόχρη
715 3308 785 3361 τὰ
819 3310 866 3364 Β
903 3313 958 3363 et
977 3308 1048 3378 (P)
1067 3311 1133 3371 Ω,
1177 3307 1390 3378 ἀπόχρη
1430 3308 1607 3377 μόνον
1641 3308 1712 3362 τὰ
1750 3308 1814 3376 21,
1855 3307 2069 3378 ἀπόχρη
2108 3306 2256 3377 μόνα
2289 3307 2359 3361 τὰ
2400 3313 2450 3360 Φ
2486 3311 2541 3363 et

461 3413 507 3450 v.
653 3393 956 3465 ἐπιτραπέν
994 3415 1083 3448 σοι
1117 3397 1164 3450 Β
1200 3413 1322 3450 cum
1358 3397 1595 3462 Graevio‚
1634 3395 1992 3467 ἐπιτραπέντι
2030 3416 2120 3449 σοι
2139 3395 2244 3454 ἓῐΦ
2267 3399 2323 3450 et
2337 3415 2384 3462 v,
2422 3394 2538 3449 ἐπι-

461 3485 673 3550 τραπέν
704 3485 763 3535 τί
809 3502 898 3535 σοι
923 3485 990 3535 Ω.
1153 3483 1429 3553 μοιρᾶσαι
1462 3481 1577 3549 BQ,
1624 3482 1899 3554 μοιράσαι
1950 3488 2000 3535 Φ
2047 3487 2103 3538 et
2146 3503 2194 3539 v.
2338 3483 2537 3551 σαυτῷ]

463 3568 638 3636 ἑαυτῷ
677 3567 742 3627 ἓῖ.
903 3567 1252 3637 ἐξηπάτησας
1297 3570 1343 3625 Β
1391 3573 1447 3624 et
1488 3589 1536 3624 v.
1592 3568 1869 3637 ἐξηπάτας
1904 3569 2122 3628 &UD-Q!b
2244 3568 2295 3627 ἐς
2345 3568 2544 3627 αὐτοὺς

460 3655 627 3718 BQQ,
671 3653 751 3709 ἐπ’
792 3654 991 3714 αὐτοὺς
1028 3661 1095 3719 Φ,
1137 3655 1266 3728 παρ’
1311 3654 1509 3713 αὐτοὺς
1542 3676 1589 3711 v.
1734 3659 1978 3710 συνεῖναι
2009 3658 2072 3723 Β,
2111 3659 2353 3709 συνιέναι
2384 3654 2542 3713 2194>

464 3745 519 3797 et
551 3762 599 3798 v.
762 3740 852 3795 ἐπὶ
886 3745 1002 3800 τοῖς
1047 3741 1409 3811 τηλικούτοις]
1462 3742 1554 3797 ἐπὶ
1586 3743 1806 3801 τούτοις
1832 3746 1956 3798 ΩΜ.
2117 3742 2217 3796 τοῦ
2254 3742 2404 3812 Διὸς]
2440 3743 2540 3797 τοῦ

464 3846 549 3884 om
581 3830 645 3884 B.
788 3826 955 3899 λῆρος
987 3830 1093 3901 γὰρ
1118 3827 1325 3901 ’ἅλλως]
1361 3827 1531 3901 λῆρος
1562 3830 1670 3901 γὰρ
1708 3829 1809 3884 οὐκ
1844 3829 1911 3884 ἂν
1947 3827 2120 3887 ἄλλως
2157 3834 2227 3884 Φ.

604 3920 652 3971 7.
727 3911 1000 3984 εἰσόμεθα
1036 3919 1098 3983 Β,
1137 3915 1407 3987 ὀψόμεθα
1444 3916 1602 3975 ἓῐΦΩ
1631 3921 1687 3972 et
1703 3937 1750 3972 v.
1894 3916 1997 3987 ἐγώ
2038 3913 2098 3969 δὲ
2138 3916 2365 3985 ἐπείπερ
2386 3918 2544 3971 ΒΦΩ

465 4007 520 4059 et
555 4005 648 4074 qui
685 4002 787 4073 ἐγὼ
828 4001 883 4056 δ’
926 4002 1154 4071 ἐπείπερ
1175 4002 1239 4070 21,
1275 4007 1337 4058 ut
1372 4005 1499 4059 olim
1518 4022 1616 4074 ogo
1647 4005 1983 4074 conjeceram,
2022 4002 2124 4074 ἐγώ
2168 4001 2228 4057 δὲ
2264 4011 2358 4057 καὶ
2396 4003 2539 4058 ἐπει·-

463 4110 571 4160 περ
607 4092 782 4160 vngO.
940 4098 1033 4143 καὶ
1067 4090 1294 4162 πρῶτόν
1336 4112 1394 4160 γε
1429 4090 1585 4148 ΒῊΦ
1632 4099 1726 4145 καὶ
1771 4091 1999 4162 πρῶτον
2043 4091 2145 4159 μὲν
2183 4093 2231 4144 Ω
2267 4095 2322 4145 eb
2355 4111 2402 4146 v.

467 4176 633 4230 ἄκουε
669 4177 732 4230 τὸ
770 4179 832 4243 Β,
888 4175 1127 4231 ἄκουσον
1159 4178 1223 4231 τὸ
1263 4177 1327 4244 21,
1378 4176 1617 4231 ι’ίκουσον
1661 4177 1731 4231 τὰ
1758 4179 1864 4230 ΩΦ
1900 4182 1956 4233 eb
1988 4198 2036 4233 v.
2113 4177 2368 4248 Οὐρανὸν
2402 4179 2542 4232 Leh-

465 4282 687 4318 mannus
723 4282 818 4334 pro
867 4262 1126 4332 οὐρανόν.
1291 4263 1430 4317 αὐτὰ
1466 4267 1528 4330 Β,
1578 4265 1752 4318 ταῦτα
1789 4264 1946 4322 ἓῐΩΦ
1992 4268 2047 4319 et
2081 4284 2129 4320 v.
2291 4263 2436 4317 ἔστιν
2474 4263 2545 4320 ὥς

469 4348 618 4404 διότι
651 4353 715 4417 Β,
768 4350 882 4404 ἐστι
929 4350 1000 4408 ὥς
1048 4347 1196 4404 διότι
1230 4371 1277 4417 v,
1333 4349 1480 4405 ἐστιν
1529 4348 1679 4406 διότι
1715 4351 1831 4421 219,
1881 4351 2043 4406 ἐστιν.
2122 4348 2268 4404 διότι
2308 4355 2377 4413 Φ,
2428 4349 2550 4417 ἐστι,
