3099 5241
566 432 746 489 XCVI
1351 429 1464 485 -DE
1517 424 1847 485 NUMERIS

567 606 997 691 ἐξευρημένον
1064 605 1136 669 Ο.
1206 606 1485 671 Jahnius
1568 606 1963 688 ἐξυρημένον
2043 607 2279 690 optime
2359 604 2652 671 c'orrexit.

569 714 719 777 Alia
762 713 967 777 multa
996 708 1368 795 'Agathonis
1413 712 1724 776 antitheta
1768 710 1931 776 bene
1975 731 2118 775 rasa
2164 729 2281 795 ego
2327 710 2409 775 ad
2454 710 2648 774 Arist.

565 817 939 902 Thesmoph.
991 837 1050 901 p.
1097 816 1220 882 591
1288 816 1530 900 collegi.
1626 814 1749 880 Sed
1793 816 2303 897 Thrasymachus
2361 815 2655 879 alumnos

567 942 699 987 non
763 923 971 987 solum
1029 921 1381 1006 praeceptis
1439 921 1758 985 instruere
1801 940 2027 984 verum
2092 921 2281 985 etiam
2342 919 2654 1004 exemplis

568 1027 869 1111 adjuvare
929 1025 1215 1090 debebat.
1308 1025 1537 1108 Itaque
1594 1044 2008 1090 numerorum
2074 1027 2373 1090 inventor
2413 1043 2497 1089 ne
2540 1023 2655 1088 has

571 1131 832 1216 quidem
877 1129 1120 1214 figuras
1166 1129 1353 1213 plane
1395 1134 1644 1213 poterat
1689 1130 2034 1214 negligere,
2080 1150 2243 1214 quas
2277 1130 2657 1214 plerumque

569 1238 759 1302 sciret
826 1235 1048 1299 cadere
1113 1253 1474 1299 numerose.
1568 1233 1652 1299 Et
1717 1236 1786 1298 in
1853 1233 2307 1316 Thrasymachi
2375 1234 2704 1315 oratione·

569 1360 667 1424 ap.
731 1339 1066 1404 Platonem
1131 1336 1229 1401 De
1294 1337 1568 1422 Republ.
1616 1338 1650 1402 I
1714 1360 1772 1423 p.
1818 1339 1968 1421 343,
2012 1337 2069 1402 B
2140 1357 2344 1423 quum
2409 1337 2658 1422 reliqua

569 1445 734 1508 alius
778 1445 1029 1528 generis
1075 1445 1221 1526 sint,
1266 1462 1440 1507 unus
1485 1448 1703 1507 tamen
1747 1445 1917 1507 inest
1959 1443 2161 1526 locus,
2206 1445 2277 1507 in
2325 1462 2452 1527 quo
2497 1444 2658 1507 mire

568 1543 890 1635 γοργιάζει
936 1567 996 1632 p.
1044 1547 1196 1629 344,
1240 1546 1304 1611 A
1346 1548 1503 1612 haec
1547 1547 1743 1612 verba
1787 1547 1960 1613 dico:
2016 1544 2288 1611 πάντων
2334 1545 2402 1610 δὲ
2448 1548 2656 1631 ῥᾷστα

569 1648 894 1735 μαθήσει,
955 1647 1066 1715 ἐὰν
1114 1651 1221 1714 ἐπὶ
1264 1647 1388 1732 τῆν
1431 1647 1830 1735 τελεωτάτην
1877 1647 2129 1715 ἀδικίαν
2174 1649 2400 1737 ἔλθῃς,
2451 1648 2496 1732 ἢ
2539 1646 2658 1715 ’τὸν

569 1759 697 1841 μὲν
744 1752 1147 1837 ἀδικήσαντα
1197 1752 1794 1838 εὐδαιιιιονέστατον
1840 1767 2037 1829 ποιεῖ,
2101 1752 2256 1829 τούς
2314 1754 2384 1820 δὲ
2430 1751 2657 1837 ἀδικη-

572 1860 818 1932 θέντας
885 1859 988 1922 καὶ
1059 1856 1361 1942 ἀδικῆσαι
1430 1857 1547 1923 οὐκ
1615 1857 1704 1923 ἄν
1770 1863 2121 1934 ἐθέλοντας
2183 1856 2651 1932 ἀθλιωτάτους.

571 1961 704 2029 ἔστι
767 1963 835 2027 δὲ
891 1969 1087 2028 τοῦτο
1143 1961 1470 2047 τυραννὶς,
1543 1964 1589 2046 ἢ
1652 1961 1725 2028 οὐ
1790 1962 1949 2029 κατὰ
2002 1960 2277 2048 σμικρὰ-ν
2319 1960 2657 2047 «τάλλότρια

571 2068 676 2131 καὶ
741 2064 962 2151 λάθρᾳ
1028 2068 1131 2130 καὶ
1197 2068 1312 2152 βίᾳ
1379 2065 1746 2150 ἆφαιρεῖιαι
1813 2069 1917 2132 καὶ
1988 2066 2122 2152 ἱεροὶ
2182 2068 2288 2132 καὶ
2349 2067 2498 2132 ὅσια
2554 2068 2660 2131 καὶ

574 2171 704 2237 ἴδια
774 2173 877 2236 καὶ
947 2167 1276 2253 δημόσια,
1350 2168 1505 2235 ἀλλὰ
1575 2169 1956 2258 ξυλλὴβδην.
2075 2171 2503 2250 Quamobrem
2568 2174 2661 2237 sic

573 2296 802 2342 censeo
870 2282 932 2341 et
989 2276 1110 2340 hac
1174 2278 1244 2340 in
1305 2279 1589 2343 oratione
1646 2279 2101 2361 Thrasymaehi
2153 2280 2223 2342 in
2284 2276 2663 2342 adhibendis

20 2466 21 2475 ἵ
572 2381 798 2467 figuris
842 2380 1343 2445 moderationem
1388 2388 1451 2445 et
1493 2384 1565 2447 in
1598 2382 1908 2447 Convivio
1933 2382 2291 2467 Agathonis
2331 2383 2666 2447 luxuriam

14 2490 275 2537 m
573 2507 610 2550 a
678 2485 944 2549 Platone
1010 2486 1148 2570 pari
1212 2485 1511 2552 felicitate
1580 2506 1947 2572 expressam
2018 2505 2175 2551 esse.
2277 2487 2446 2571 Ipsis
2510 2506 2662 2553 vero

571 2591 861 2656 numeris
926 2588 1007 2655 ab
1078 2609 1146 2655 se
1211 2591 1491 2676 primum
1559 2593 1864 2675 inventiS,
1938 2592 2333 2677 quibuscum
2393 2583 2665 2678 Gorgiae

571 2696 859 2761 inventio
903 2715 1033 2759 non
1081 2696 1533 2761 confundenda
1578 2702 1695 2776 est,
1747 2698 1919 2763 idem
1981 2701 2077 2762 est
2132 2716 2297 2762 usus
2350 2699 2665 2783 intempe-

575 2801 849 2883 rantiuS,
907 2801 963 2864 si
1019 2804 1232 2865 tamen
1280 2800 1498 2866 Cicero
1558 2802 1628 2865 in
1677 2801 1934 2867 Oratore
1980 2821 2033 2866 c.
2066 2804 2168 2868 Δ52
2210 2806 2381 2868 recte
2417 2802 2667 2886 judicat

577 2905 1072 3007 3Thrasymachi·
1101 2907 1316 2969 omnia
1369 2907 1566 2970 nimis
1624 2907 1814 2971 etiam
1860 2911 2111 2971 exstare
2156 2908 2392 2991 scripta
2432 2926 2663 2996 nume·

569 3011 749 3076 rose‘.
837 3007 1221 3096 Ko‘pfiffio-
1268 3013 1713 3102 ute-sciamus
1779 3016 1998 3076 utrum
2067 3011 2175 3075 ille
2234 3012 2534 3077 inventor
2590 3012 2661 3075 in

574 3116 858 3180 oratione
915 3118 1109 3181 meris
1153 3119 1470 3200 rhythmis
1517 3141 1600 3185 an
1643 3117 1863 3186 metris
1911 3115 2303 3199 quibusdam
2347 3135 2511 3181 usus
2556 3116 2660 3200 sit,

571 3219 924 3284 videndum
985 3228 1103 3304 est,
1173 3243 1368 3307 quam
1423 3227 1560 3290 vim
1613 3208 2257 3320 habeatarhythmus
2314 3220 2663 3305 possticus‘t

570 3343 722 3387 nam
769 3324 849 3389 de
893 3323 1111 3407 ,metri‘
1160 3329 1421 3393 notione
1465 3330 1647 3394 nulla
1691 3336 1955 3396 controv
2060 3326 2124 3389 ia
2186 3330 2299 3389 est.
2389 3324 2670 3409 ReJeetis

570 3428 772 3511 igitur
825 3428 967 3493 aliis
1026 3431 1458 3517 opinionibus,
1519 3455 1685 3520 quae
1740 3438 1812 3502 in
1856 3437 2136 3501 Bacchio
2168 3450 2248 3533 -R
2293 3431 2378 3496 23
2422 3428 2670 3494 multae

571 3538 847 3616 exstant,
914 3534 1090 3598 illam
1155 3538 1371 3620 potius
1439 3560 1606 3624 quae
1671 3540 1912 3605 ibidem
1982 3546 2044 3606 et
2118 3534 2302 3610 alibix
2329 3533 2517 3598 allata
2572 3538 2672 3597 &St

569 3637 943 3702 Aristoxeni
980 3638 1369 3705 finitionem.
1417 3640 1685 3726 ῥυθιιός
1730 3648 1863 3708 ἐστι
1906 3641 2079 3719 τάξις
2121 3669 2275 3731 χρον
2447 3636 2666 3702 lurimi

568 3746 738 3807 recte
794 3744 1306 3828 comprobarunt.
1401 3745 1617 3824 Quum
1678 3750 1878 3834 igitur
1932 3752 2137 3815 multo
2194 3642 3085 4110 lati&

575 3847 949 3929 ,rhythmus‘
1007 3869 1129 3915 nec
1189 3850 1398 3915 solum
1451 3849 1553 3934 (ut
1609 3856 1829 3935 metra)
1886 3855 1955 3919 in
2000 3855 2215 3921 verbis
2260 3864 2323 3923 et
2363 3860 2437 3925 in
2480 3869 2666 3946 poesi

570 3952 683 4016 sed
750 3953 942 4017 etiam
1007 3956 1079 4018 in
1145 3961 1277 4020 arte
1342 3958 1593 4021 musica
1655 3959 1728 4021 in
1796 3961 2076 4043 corporis
2146 3968 2327 4028 motu
2385 3964 2664 4052 aliisque
3003 4049 3006 4050 ⁷

568 4055 752 4120 insit:
831 4058 975 4123 ideo
1037 4062 1269 4143 ,metra‘
1332 4065 1544 4145 partes
1608 4062 2085 4145 ,rhythmorum‘
2121 4066 2525 4134 -Aristoteles
2593 4073 2664 4136 in

568 4158 742 4224 Poet.
788 4161 904 4244 IV,
954 4163 1014 4246 7,
1072 4166 1143 4228 in
1187 4164 1440 4230 Rhetor.
1488 4166 1613 4250 III,
1659 4168 1721 4250 8,
1766 4167 2084 4234 Aristides
2130 4168 2396 4246 Quintil.
2444 4171 2523 4236 D.
2571 4172 2658 4239 M.

567 4285 631 4349 p.
657 4266 744 4331 49
776 4271 839 4330 et
885 4267 994 4331 alii
1038 4271 1405 4354 complures
1449 4289 1590 4335 esse
1634 4271 1995 4355 voluerunt.
2091 4273 2334 4351 Quodsi
2377 4276 2664 4357 rhythmi

568 4371 728 4434 meri
770 4371 1052 4455 primum
1097 4373 1365 4438 adhibiti
1411 4380 1586 4459 sunt,
1642 4376 1736 4441 sic
1799 4397 2059 4463 quoque
2103 4379 2458 4446 verendum
2501 4386 2655 4466 erat,
