3099 5241
555 410 853 468 LXXXVI
1360 411 1456 467 DE
1508 409 1839 466 NUMERIS

555 590 756 673 igitur
809 588 994 654 Plato
1060 592 1237 653 tanta
1302 585 1657 673 petulantia
1723 592 1987 672 tamque
2052 586 2294 673 asperis
2356 586 2642 651 moribus

560 692 1100 774 Thrasymachum
1145 692 1347 757 fuisse
1392 693 1578 775 dixit,
1639 699 1710 758 ut
1752 711 1865 777 pro
1914 692 2192 777 quodam
2251 692 2644 775 sycophanta

559 795 775 861 haberi
843 817 971 861 non
1040 798 1356 861 immerito
1425 802 1657 881 posset.
1790 796 1936 861 Hoc
2006 797 2207 881 igitur
2280 799 2350 860 in
2431 796 2644 859 medio

557 901 922 985 relinquere
988 902 1169 966 licet:
1237 920 1450 986 neque
1516 903 1690 966 enim
1757 920 1966 965 mores
2023 902 2148 964 viri
2212 920 2392 965 nunc
2456 899 2645 964 nobis

558 1005 837 1070 rimandi
881 1010 1052 1070 sunt.
1080 1005 1136 1078 *)
1228 1003 1419 1088 Quid,
1466 1005 1639 1089 quod
1679 1005 2104 1070 Philostratus
2147 1007 2218 1068 in
2248 1005 2419 1067 Vitis
2451 1003 2642 1087 Soph.

561 1131 620 1195 p.
650 1111 779 1176 497
829 1111 889 1192 (ξ
939 1110 1020 1175 14
1064 1129 1123 1193 Ρ.
1160 1110 1290 1175 210
1319 1111 1417 1174 ed.
1450 1109 1555 1189 K.)
1602 1109 1937 1174 Platonem
1981 1111 2197 1194 ipsum
2242 1109 2407 1172 male
2450 1109 2644 1172 inter-

563 1219 845 1299 pretatus
913 1214 1262 1297 sophistam
1327 1214 1529 1278 fuisse
1593 1214 2136 1297 Thrasymachum
2221 1220 2284 1278 ct
2359 1214 2429 1276 111
2515 1213 2648 1297 οΡ1-

564 1318 794 1382 dictico
839 1337 1071 1401 genere
1114 1322 1437 1383 versatum
1485 1337 1625 1382 esse
1669 1324 1905 1384 temere
1950 1320 2228 1403 negavit.
2320 1317 2647 1381 Contrario

563 1441 769 1488 errore
828 1420 1184 1504 Dionysius
1238 1421 1388 1486 Hal.
1489 1420 1587 1486 De
1643 1422 1826 1487 Isaeo
1872 1442 1923 1487 c.
1969 1424 2056 1489 20
2101 1425 2183 1508 (Ρ.
2231 1424 2360 1488 628
2404 1420 2510 1506 R.)
2569 1421 2647 1486 de

563 1534 698 1592 arte
742 1527 932 1591 modo
979 1528 1309 1611 scripsisse
1351 1525 1900 1608 Thrasymachum
1943 1527 2272 1591 contendit
2327 1532 2390 1590 et
2443 1531 2648 1589 totum

565 1633 769 1697 fuisse
813 1632 884 1694 in
929 1632 1307 1715 epidicticiS,
1369 1631 1615 1695 nullam
1659 1636 1875 1697 autem
1917 1631 2256 1715 reliquisse
2299 1632 2646 1694 orationem

567 1736 1044 1802 deliberativam
1091 1740 1154 1801 et
1197 1755 1280 1800 110
1323 1736 1640 1801 forensem
1687 1736 1948 1821 quidem
1992 1737 2426 1821 eloquentiam
2470 1754 2652 1799 exer-

568 1843 796 1906 cuisse.
887 1841 977 1904 At
1019 1838 1433 1924 Dionysium,
1481 1841 1595 1925 qui
1640 1841 1760 1904 hac
1802 1842 1873 1904 in
1916 1860 1985 1906 re
2040 1840 2166 1905 sibi
2221 1842 2359 1925 ipse
2414 1841 2650 1904 iterum

564 1949 928 2029 iterumque
984 1945 1356 2009 adversatur
1375 1995 1391 2027 ,
1460 1945 1719 2010 Geelius
1763 1946 1805 2009 l.
1849 1945 1892 2009 1.
1954 1965 2016 2029 Ρ.
2075 1945 2205 2012 204
2264 1946 2426 2009 bene
2482 1943 2652 2007 refu-

566 2052 747 2116 tavit.
862 2048 1043 2114 Haec
1108 2050 1527 2134 perpendenti
1594 2049 1753 2113 mihi
1822 2053 1886 2114 et
1952 2050 2330 2114 tenuissima
2381 2048 2654 2129 Thrasy-

568 2156 777 2221 machi
821 2154 1177 2238 fragmenta
1219 2156 1531 2237 spectanti
1589 2155 1658 2216 in
1714 2159 1998 2218 mentem
2055 2155 2234 2218 venit
2287 2154 2511 2226 vereri,
2570 2171 2653 2216 ne

570 2261 874 2346 pleraque
943 2277 1132 2342 opera
1196 2258 1650 2340 Thrasymachi
1670 2307 1686 2339 ,
1769 2260 1875 2322 cui
1941 2257 2255 2322 Isocrates
2336 2257 2655 2321 obstitisse

568 2363 843 2444 videtur,
888 2361 1233 2427 admodum
1277 2369 1529 2427 mature
1572 2364 2028 2427 interciderint.
2098 2362 2352 2427 Partem
2390 2382 2653 2446 operum

568 2470 806 2552 legerat
850 2467 1063 2531 adhuc
1106 2465 1420 2531 Hadriani
1465 2474 1747 2552 tempore
1790 2467 2009 2532 Julius
2054 2466 2388 2548 Vestinus,
2450 2469 2563 2550 qui
2620 2486 2656 2531 e

570 2572 964 2656 Thucydide,
1017 2570 1221 2655 Isae0,
1281 2571 1559 2638 Isocrate
1626 2578 1689 2638 et
1756 2592 1791 2637 0
1849 2571 2317 2654 Thrasymacho
2385 2572 2655 2656 aliisque

568 2677 929 2743 rhetoribus
989 2677 1239 2761 eclogas
1299 2683 1741 2762 composuerat
1801 2685 2057 2742 auctore
2103 2677 2305 2741 Suida
2360 2698 2407 2741 s.
2464 2674 2650 2756 0525-

576 2794 791 2854 ‹nlvog
848 2781 939 2864 (II
982 2802 1045 2866 p.
1098 2783 1263 2849 1207
1312 2782 1410 2847 ed.
1457 2783 1578 2862 B.).
1678 2783 1769 2846 At
1822 2783 1892 2846 in
1952 2781 2055 2845 IX
2098 2782 2243 2855 voll,
2287 2782 2656 2862 Rhetorum,

576 2890 690 2973 qui
749 2887 828 2950 ab
874 2885 1121 2950 Walzio
1184 2886 1339 2951 editi
1396 2892 1567 2969 sunt,
1627 2906 1709 2950 ne
1769 2906 2002 2951 nomen
2066 2886 2329 2971 quidem
2385 2885 2657 2967 Thrasy-

574 2993 783 3057 machi
843 2996 1069 3055 exstat.
1164 2990 1304 3067 Quo
1348 2993 1557 3076 magis
1601 2991 1685 3054 H.
1734 2991 2016 3075 Sauppio
2071 2992 2142 3053 in
2187 2991 2435 3074 Fragm.
2487 2989 2654 3054 Orat.

576 3098 708 3161 Att.
743 3117 804 3180 p.
844 3096 968 3161 164
1013 3096 1355 3178 adsentior,
1403 3096 1517 3179 qui
1566 3094 2039 3171 Quintilianum
2083 3094 2206 3176 111,
2237 3098 2296 3175 3,
2331 3097 2362 3159 1
2413 3096 2659 3158 Aristo·

576 3202 718 3267 telis
782 3200 994 3266 verbis
1062 3200 1228 3265 male
1304 3201 1643 3264 intellectis
1727 3220 1967 3265 errasse
2049 3201 2126 3265 de
2190 3199 2658 3281 Thrasymacho

577 3307 848 3387 censuit,
896 3324 1088 3389 quem
1134 3307 1504 3389 scriptorem
1552 3304 1990 3381 Quintilianus
2036 3306 2172 3389 ipse
2217 3306 2480 3369 omnino
2525 3323 2654 3369 11011

575 3411 806 3493 legisse
851 3410 1122 3473 videtur.
1212 3408 1549 3493 Reliquiae
1596 3417 1809 3474 autem
1855 3409 2164 3474 librorum
2207 3409 2659 3491 Thrasymachi

577 3515 657 3580 ab
706 3514 923 3578 Geelio
969 3513 1007 3576 l.
1055 3514 1096 3577 1.
1144 3535 1203 3598 Ρ.
1249 3514 1376 3579 206
1423 3535 1564 3598 sqq.
1628 3521 1690 3580 et
1731 3516 1981 3580 doctius
2044 3516 2121 3579 ab
2184 3514 2467 3598 Sauppio
2526 3514 2568 3577 1.
2615 3513 2657 3576 l.

577 3641 639 3705 p.
707 3620 1050 3685 162-164
1116 3625 1531 3704 pertractatae
1601 3627 1772 3685 sunt.
1887 3620 2161 3705 Ingenio
2232 3619 2493 3704 quidem
2557 3620 2663 3682 hic

717 3845 774 3916 ⁸⁸)
810 3844 890 3899 De
925 3845 1042 3915 ejus
1078 3847 1246 3900 morte
1280 3844 1563 3899 Juvenalis
1602 3844 1708 3899 Sat.
1746 3845 1871 3914 VII,
1910 3849 2014 3904 203
2048 3845 2181 3899 haec
2228 3845 2415 3899 habet:
2464 3843 2663 3913 ,paeni-

583 3933 692 3988 tuit
726 3932 926 3988 multos
965 3950 1129 3987 vanae
1165 3932 1474 4002 sterilisque
1511 3932 1809 4000 cathedrae,
1841 3933 1849 4000 Ι
1881 3933 2028 3987 sicut
2061 3931 2445 4002 Thrasymachi
2480 3930 2665 4000 probat

585 4020 804 4089 exitus‘,
842 4020 934 4075 ubi
972 4020 1263 4076 scholiasta
1296 4022 1485 4074 vetus:
1525 4017 1771 4086 ‚rhetoris
1796 4019 1937 4088 apud
1961 4021 2217 4088 AthenaS,
2254 4020 2348 4089 qui
2373 4017 2664 4088 suspendio

581 4107 778 4177 periit‘.
853 4106 1045 4163 Clades
1080 4106 1497 4163 Atheniensium
1533 4105 1636 4160 sub
1672 4105 1832 4160 finem
1870 4106 1996 4161 belli
2020 4106 2396 4178 Peloponnesii
2422 4107 2478 4160 et
2507 4104 2665 4175 paulo

590 4197 715 4264 post
749 4194 938 4250 multis
972 4195 1252 4250 interitum
1294 4192 1508 4259 adtulit,
1559 4208 1786 4261 quorum
1831 4193 1891 4246 in
1936 4209 2158 4248 numero
2204 4193 2375 4247 fuisse
2423 4192 2669 4261 suspicor

582 4280 1057 4350 Thrasymachum.
1128 4280 1284 4337 Certe
1331 4279 1762 4348 Thrasymachus
1797 4279 2062 4348 Lysandri
2109 4281 2279 4333 aetate
2326 4280 2381 4335 et
2425 4277 2665 4334 Nicerati

579 4367 761 4423 adhuc
795 4372 1069 4438 superstes
1103 4369 1217 4422 erat
1250 4368 1389 4422 teste
1423 4365 1715 4421 Aristotele
1749 4366 1809 4420 in
1841 4365 2060 4424 Rhetor.
2095 4363 2197 4436 111,
2236 4371 2319 4428 11.
