<?xml version="1.0" encoding="UTF-8"?>
<!DOCTYPE html PUBLIC "-//W3C//DTD XHTML 1.0 Transitional//EN"
    "http://www.w3.org/TR/xhtml1/DTD/xhtml1-transitional.dtd">
<html xmlns="http://www.w3.org/1999/xhtml" xml:lang="en" lang="en">
 <head>
  <title>
</title>
<meta http-equiv="Content-Type" content="text/html;charset=utf-8" />
  <meta name='ocr-system' content='tesseract 3.04.00' />
  <meta name='ocr-capabilities' content='ocr_page ocr_carea ocr_par ocr_line ocrx_word'/>
</head>
<body>
  <div class='ocr_page' id='page_1' title='image "./lucianussamosat01fritgoog_0111.png"; bbox 0 0 3099 5241; ppageno 0'>
   <div class='ocr_carea' id='block_1_1' title="bbox 1207 401 2552 482">
    <p class='ocr_par' dir='ltr' id='par_1_1' title="bbox 1207 401 2552 482">
     <span class='ocr_line' id='line_1_1' title="bbox 1207 401 2552 482; baseline 0.001 -2"><span class='ocrx_word' id='word_1_1' title='bbox 1207 430 1413 480; x_wconf 73' lang='lat' dir='ltr'>enmv</span> <span class='ocrx_word' id='word_1_2' title='bbox 1452 429 1831 482; x_wconf 76' lang='grc' dir='ltr'><strong><em>ΔιΑΛοιοῙ.</em></strong></span> <span class='ocrx_word' id='word_1_3' title='bbox 2457 401 2552 473; x_wconf 84' lang='grc'>63</span> 
     </span>
    </p>
   </div>
   <div class='ocr_carea' id='block_1_2' title="bbox 473 594 2555 1203">
    <p class='ocr_par' dir='ltr' id='par_1_2' title="bbox 473 594 2555 1203">
     <span class='ocr_line' id='line_1_2' title="bbox 475 594 2555 687; baseline -0 -22"><span class='ocrx_word' id='word_1_4' title='bbox 475 599 668 682; x_wconf 81' lang='grc' dir='ltr'><strong><em>δι’την</em></strong></span> <span class='ocrx_word' id='word_1_5' title='bbox 712 609 1020 682; x_wconf 82' lang='grc' dir='ltr'><strong><em>παρεῖναι</em></strong></span> <span class='ocrx_word' id='word_1_6' title='bbox 1062 594 1302 682; x_wconf 82' lang='grc' dir='ltr'><strong><em>καιρός.</em></strong></span> <span class='ocrx_word' id='word_1_7' title='bbox 1402 601 1503 665; x_wconf 87' lang='grc'>13.</span> <span class='ocrx_word' id='word_1_8' title='bbox 1574 600 1795 666; x_wconf 86' lang='grc' dir='ltr'><em>ΑΦΡ.</em></span> <span class='ocrx_word' id='word_1_9' title='bbox 1858 599 2024 684; x_wconf 82' lang='grc' dir='ltr'><strong><em>αὕτη</em></strong></span> <span class='ocrx_word' id='word_1_10' title='bbox 2073 623 2178 666; x_wconf 88' lang='grc' dir='ltr'>σοι</span> <span class='ocrx_word' id='word_1_11' title='bbox 2221 596 2340 687; x_wconf 75' lang='grc' dir='ltr'>ἐγώ</span> <span class='ocrx_word' id='word_1_12' title='bbox 2384 601 2555 682; x_wconf 82' lang='grc' dir='ltr'><strong><em>πλη-</em></strong></span> 
     </span>
     <span class='ocr_line' id='line_1_3' title="bbox 477 697 2548 794; baseline 0 -27"><span class='ocrx_word' id='word_1_13' title='bbox 477 702 645 780; x_wconf 84' lang='grc' dir='ltr'><strong><em>σίον,</em></strong></span> <span class='ocrx_word' id='word_1_14' title='bbox 716 702 826 765; x_wconf 82' lang='grc' dir='ltr'><strong><em>καὶ</em></strong></span> <span class='ocrx_word' id='word_1_15' title='bbox 883 697 1112 767; x_wconf 79' lang='grc' dir='ltr'><strong><em>σκόπει</em></strong></span> <span class='ocrx_word' id='word_1_16' title='bbox 1161 707 1323 794; x_wconf 77' lang='grc' dir='ltr'><strong><em>καθ’</em></strong></span> <span class='ocrx_word' id='word_1_17' title='bbox 1384 709 1456 767; x_wconf 76' lang='grc' dir='ltr'>ἓν</span> <span class='ocrx_word' id='word_1_18' title='bbox 1509 700 1785 787; x_wconf 78' lang='grc' dir='ltr'><strong><em>ἀκριβῶς</em></strong></span> <span class='ocrx_word' id='word_1_19' title='bbox 1839 701 2055 787; x_wconf 78' lang='grc' dir='ltr'><strong><em>μηδὲν</em></strong></span> <span class='ocrx_word' id='word_1_20' title='bbox 2107 704 2548 791; x_wconf 77' lang='grc' dir='ltr'><strong><em>παρατρέχων,</em></strong></span> 
     </span>
     <span class='ocr_line' id='line_1_4' title="bbox 473 802 2552 891; baseline 0.001 -21"><span class='ocrx_word' id='word_1_21' title='bbox 473 805 608 870; x_wconf 78' lang='grc' dir='ltr'><strong><em>ἀλλ’</em></strong></span> <span class='ocrx_word' id='word_1_22' title='bbox 670 803 1091 889; x_wconf 77' lang='grc' dir='ltr'><strong><em>ἐνδιατρίβων</em></strong></span> <span class='ocrx_word' id='word_1_23' title='bbox 1144 802 1388 891; x_wconf 80' lang='grc' dir='ltr'><strong><em>ἑκάστῳ</em></strong></span> <span class='ocrx_word' id='word_1_24' title='bbox 1440 812 1573 870; x_wconf 81' lang='grc' dir='ltr'>τῶν</span> <span class='ocrx_word' id='word_1_25' title='bbox 1625 811 1869 890; x_wconf 80' lang='grc' dir='ltr'><strong><em>μερῶν.</em></strong></span> <span class='ocrx_word' id='word_1_26' title='bbox 1943 809 2004 872; x_wconf 83' lang='grc' dir='ltr'>εἰ</span> <span class='ocrx_word' id='word_1_27' title='bbox 2058 805 2117 872; x_wconf 79' lang='grc' dir='ltr'>δ’</span> <span class='ocrx_word' id='word_1_28' title='bbox 2174 808 2437 885; x_wconf 77' lang='grc' dir='ltr'><strong><em>ἐθέλεις,</em></strong></span> <span class='ocrx_word' id='word_1_29' title='bbox 2503 802 2552 872; x_wconf 80' lang='grc' dir='ltr'><em>ὦ</em></span> 
     </span>
     <span class='ocr_line' id='line_1_5' title="bbox 482 905 2554 997; baseline 0.001 -23"><span class='ocrx_word' id='word_1_30' title='bbox 482 910 655 987; x_wconf 83' lang='grc' dir='ltr'><strong><em>καλὲ,</em></strong></span> <span class='ocrx_word' id='word_1_31' title='bbox 716 909 823 973; x_wconf 77' lang='grc' dir='ltr'><strong><em>καὶ</em></strong></span> <span class='ocrx_word' id='word_1_32' title='bbox 875 906 1036 973; x_wconf 83' lang='grc' dir='ltr'><strong><em>τάδε</em></strong></span> <span class='ocrx_word' id='word_1_33' title='bbox 1078 932 1218 992; x_wconf 82' lang='grc' dir='ltr'>μου</span> <span class='ocrx_word' id='word_1_34' title='bbox 1262 906 1573 974; x_wconf 80' lang='grc' dir='ltr'><strong><em>ἄκουσον·</em></strong></span> <span class='ocrx_word' id='word_1_35' title='bbox 1636 906 1756 997; x_wconf 72' lang='grc' dir='ltr'>ἐγώ</span> <span class='ocrx_word' id='word_1_36' title='bbox 1798 906 1923 997; x_wconf 78' lang='grc' dir='ltr'>γὰρ</span> <span class='ocrx_word' id='word_1_37' title='bbox 1967 905 2172 975; x_wconf 79' lang='grc' dir='ltr'><strong><em>πάλαι</em></strong></span> <span class='ocrx_word' id='word_1_38' title='bbox 2218 908 2433 994; x_wconf 81' lang='grc' dir='ltr'><strong><em>ὁρῶσά</em></strong></span> <span class='ocrx_word' id='word_1_39' title='bbox 2483 934 2554 976; x_wconf 83' lang='grc' dir='ltr'>σε</span> 
     </span>
     <span class='ocr_line' id='line_1_6' title="bbox 474 1009 2554 1100; baseline 0.001 -23"><span class='ocrx_word' id='word_1_40' title='bbox 474 1015 631 1078; x_wconf 79' lang='grc' dir='ltr'><strong><em>νέον</em></strong></span> <span class='ocrx_word' id='word_1_41' title='bbox 690 1011 850 1078; x_wconf 83' lang='grc' dir='ltr'><strong><em>ὄντα</em></strong></span> <span class='ocrx_word' id='word_1_42' title='bbox 915 1012 1044 1094; x_wconf 79' lang='grc' dir='ltr'><strong><em>[καὶ</em></strong></span> <span class='ocrx_word' id='word_1_43' title='bbox 1104 1009 1348 1100; x_wconf 81' lang='grc' dir='ltr'><strong><em>καλὸν],</em></strong></span> <span class='ocrx_word' id='word_1_44' title='bbox 1415 1010 1657 1078; x_wconf 83' lang='grc' dir='ltr'><strong><em>ὁποῖον</em></strong></span> <span class='ocrx_word' id='word_1_45' title='bbox 1700 1011 1819 1078; x_wconf 83' lang='grc' dir='ltr'><strong><em>οὐκ</em></strong></span> <span class='ocrx_word' id='word_1_46' title='bbox 1865 1010 1989 1078; x_wconf 81' lang='grc' dir='ltr'>οἷδ’</span> <span class='ocrx_word' id='word_1_47' title='bbox 2040 1016 2106 1078; x_wconf 81' lang='grc' dir='ltr'>εἴ</span> <span class='ocrx_word' id='word_1_48' title='bbox 2138 1037 2288 1078; x_wconf 81' lang='grc' dir='ltr'><strong><em>τινα</em></strong></span> <span class='ocrx_word' id='word_1_49' title='bbox 2332 1020 2554 1098; x_wconf 72' lang='grc' dir='ltr'><strong><em>ἕτερον</em></strong></span> 
     </span>
     <span class='ocr_line' id='line_1_7' title="bbox 474 1112 2555 1203; baseline 0 -22"><span class='ocrx_word' id='word_1_50' title='bbox 474 1115 517 1202; x_wconf 80' lang='grc' dir='ltr'><em>ἦ</em></span> <span class='ocrx_word' id='word_1_51' title='bbox 574 1115 822 1203; x_wconf 82' lang='grc' dir='ltr'><strong><em>Φρυγία</em></strong></span> <span class='ocrx_word' id='word_1_52' title='bbox 874 1116 1113 1201; x_wconf 79' lang='grc' dir='ltr'><strong><em>τρέφει,</em></strong></span> <span class='ocrx_word' id='word_1_53' title='bbox 1172 1114 1503 1200; x_wconf 81' lang='grc' dir='ltr'><strong><em>μακαρίζω</em></strong></span> <span class='ocrx_word' id='word_1_54' title='bbox 1557 1118 1688 1200; x_wconf 78' lang='grc' dir='ltr'>μὲν</span> <span class='ocrx_word' id='word_1_55' title='bbox 1728 1122 1846 1181; x_wconf 83' lang='grc' dir='ltr'>τοῦ</span> <span class='ocrx_word' id='word_1_56' title='bbox 1893 1112 2183 1195; x_wconf 77' lang='grc' dir='ltr'><strong><em>κάλλους,</em></strong></span> <span class='ocrx_word' id='word_1_57' title='bbox 2249 1120 2555 1203; x_wconf 79' lang='grc' dir='ltr'><strong><em>αἰτιῶμαι</em></strong></span> 
     </span>
    </p>
   </div>
   <div class='ocr_carea' id='block_1_3' title="bbox 474 1258 895 1268">
    <p class='ocr_par' dir='ltr' id='par_1_3' title="bbox 474 1258 895 1268">
     <span class='ocr_line' id='line_1_8' title="bbox 474 1258 895 1268; baseline 0 3973"><span class='ocrx_word' id='word_1_58' title='bbox 474 1258 895 1268; x_wconf 95' lang='lat' dir='ltr'> </span> 
     </span>
    </p>
   </div>
   <div class='ocr_carea' id='block_1_4' title="bbox 474 1283 2555 1567">
    <p class='ocr_par' dir='ltr' id='par_1_4' title="bbox 474 1283 2555 1567">
     <span class='ocr_line' id='line_1_9' title="bbox 477 1283 2553 1393; baseline -0 -15"><span class='ocrx_word' id='word_1_59' title='bbox 477 1283 798 1391; x_wconf 59' lang='grc' dir='ltr'>ὃικοὶζωμαι</span> <span class='ocrx_word' id='word_1_60' title='bbox 831 1323 898 1377; x_wconf 90' lang='lat' dir='ltr'>A.</span> <span class='ocrx_word' id='word_1_61' title='bbox 1061 1321 1291 1392; x_wconf 72' lang='grc' dir='ltr'>ἐπίθου]</span> <span class='ocrx_word' id='word_1_62' title='bbox 1340 1321 1535 1380; x_wconf 77' lang='grc' dir='ltr'><strong><em>ἐπίθες</em></strong></span> <span class='ocrx_word' id='word_1_63' title='bbox 1577 1325 1628 1379; x_wconf 88' lang='grc' dir='ltr'>Ι)</span> <span class='ocrx_word' id='word_1_64' title='bbox 1672 1322 1772 1392; x_wconf 77' lang='lat' dir='ltr'>(ita</span> <span class='ocrx_word' id='word_1_65' title='bbox 1804 1323 1893 1392; x_wconf 90' lang='lat' dir='ltr'>D).</span> <span class='ocrx_word' id='word_1_66' title='bbox 2054 1324 2157 1392; x_wconf 73' lang='grc' dir='ltr'>τὴν</span> <span class='ocrx_word' id='word_1_67' title='bbox 2193 1320 2553 1393; x_wconf 78' lang='grc' dir='ltr'><strong><em>Ἀφροδίτην]</em></strong></span> 
     </span>
     <span class='ocr_line' id='line_1_10' title="bbox 475 1409 2554 1481; baseline -0 -15"><span class='ocrx_word' id='word_1_68' title='bbox 475 1412 617 1466; x_wconf 78' lang='lat' dir='ltr'>hanc</span> <span class='ocrx_word' id='word_1_69' title='bbox 650 1413 820 1465; x_wconf 89' lang='lat' dir='ltr'>totam</span> <span class='ocrx_word' id='word_1_70' title='bbox 854 1410 920 1464; x_wconf 89' lang='lat' dir='ltr'>de</span> <span class='ocrx_word' id='word_1_71' title='bbox 955 1410 1173 1465; x_wconf 88' lang='lat' dir='ltr'>dearum</span> <span class='ocrx_word' id='word_1_72' title='bbox 1210 1409 1411 1479; x_wconf 84' lang='lat' dir='ltr'>judicio</span> <span class='ocrx_word' id='word_1_73' title='bbox 1444 1409 1680 1464; x_wconf 87' lang='lat' dir='ltr'>fabulam</span> <span class='ocrx_word' id='word_1_74' title='bbox 1723 1428 1939 1480; x_wconf 82' lang='lat' dir='ltr'>graecos</span> <span class='ocrx_word' id='word_1_75' title='bbox 1983 1412 2238 1481; x_wconf 85' lang='lat' dir='ltr'>quosdam</span> <span class='ocrx_word' id='word_1_76' title='bbox 2270 1412 2554 1481; x_wconf 73' lang='lat' dir='ltr'>scriptores</span> 
     </span>
     <span class='ocr_line' id='line_1_11' title="bbox 474 1495 2555 1567; baseline 0 -16"><span class='ocrx_word' id='word_1_77' title='bbox 474 1513 740 1551; x_wconf 87' lang='lat' dir='ltr'>removere</span> <span class='ocrx_word' id='word_1_78' title='bbox 770 1496 971 1551; x_wconf 75' lang='lat' dir='ltr'>frustra</span> <span class='ocrx_word' id='word_1_79' title='bbox 994 1496 1265 1551; x_wconf 71' lang='lat' dir='ltr'>studuisse</span> <span class='ocrx_word' id='word_1_80' title='bbox 1281 1497 1718 1551; x_wconf 86' lang='lat' dir='ltr'>Hemsterhusius</span> <span class='ocrx_word' id='word_1_81' title='bbox 1752 1498 1821 1551; x_wconf 82' lang='lat' dir='ltr'>ad</span> <span class='ocrx_word' id='word_1_82' title='bbox 1836 1499 1903 1553; x_wconf 90' lang='lat' dir='ltr'>D.</span> <span class='ocrx_word' id='word_1_83' title='bbox 1921 1499 1988 1552; x_wconf 90' lang='lat' dir='ltr'>D.</span> <span class='ocrx_word' id='word_1_84' title='bbox 2007 1498 2127 1563; x_wconf 87' lang='lat' dir='ltr'>XX,</span> <span class='ocrx_word' id='word_1_85' title='bbox 2146 1501 2174 1554; x_wconf 93' lang='lat'>1</span> <span class='ocrx_word' id='word_1_86' title='bbox 2196 1496 2278 1566; x_wconf 88' lang='grc' dir='ltr'>(Τ.</span> <span class='ocrx_word' id='word_1_87' title='bbox 2297 1498 2328 1551; x_wconf 93' lang='grc' dir='ltr'>Ι</span> <span class='ocrx_word' id='word_1_88' title='bbox 2359 1515 2411 1567; x_wconf 88' lang='lat' dir='ltr'>p.</span> <span class='ocrx_word' id='word_1_89' title='bbox 2429 1495 2555 1563; x_wconf 82' lang='lat'>253)</span> 
     </span>
    </p>
   </div>
   <div class='ocr_carea' id='block_1_5' title="bbox 473 1582 2556 1739">
    <p class='ocr_par' dir='ltr' id='par_1_5' title="bbox 473 1582 2556 1739">
     <span class='ocr_line' id='line_1_12' title="bbox 479 1582 2556 1654; baseline 0 -17"><span class='ocrx_word' id='word_1_90' title='bbox 479 1584 876 1648; x_wconf 82' lang='lat' dir='ltr'>demonstravit,</span> <span class='ocrx_word' id='word_1_91' title='bbox 925 1583 1019 1653; x_wconf 91' lang='lat' dir='ltr'>qui</span> <span class='ocrx_word' id='word_1_92' title='bbox 1053 1582 1286 1637; x_wconf 90' lang='lat' dir='ltr'>nondum</span> <span class='ocrx_word' id='word_1_93' title='bbox 1320 1600 1478 1637; x_wconf 88' lang='lat' dir='ltr'>nosse</span> <span class='ocrx_word' id='word_1_94' title='bbox 1525 1586 1737 1653; x_wconf 82' lang='lat' dir='ltr'>poterat</span> <span class='ocrx_word' id='word_1_95' title='bbox 1769 1584 2057 1639; x_wconf 88' lang='lat' dir='ltr'>Anticlidis</span> <span class='ocrx_word' id='word_1_96' title='bbox 2094 1584 2394 1654; x_wconf 80' lang='lat' dir='ltr'>opinionem</span> <span class='ocrx_word' id='word_1_97' title='bbox 2428 1600 2556 1637; x_wconf 89' lang='lat' dir='ltr'>sane</span> 
     </span>
     <span class='ocr_line' id='line_1_13' title="bbox 473 1668 2556 1739; baseline 0 -16"><span class='ocrx_word' id='word_1_98' title='bbox 473 1670 756 1724; x_wconf 80' lang='lat' dir='ltr'>ridiculam</span> <span class='ocrx_word' id='word_1_99' title='bbox 799 1670 858 1722; x_wconf 90' lang='lat' dir='ltr'>in</span> <span class='ocrx_word' id='word_1_100' title='bbox 901 1668 1105 1722; x_wconf 92' lang='lat' dir='ltr'>scholio</span> <span class='ocrx_word' id='word_1_101' title='bbox 1139 1670 1346 1723; x_wconf 83' lang='lat' dir='ltr'>Veneto</span> <span class='ocrx_word' id='word_1_102' title='bbox 1392 1669 1461 1723; x_wconf 91' lang='lat' dir='ltr'>ad</span> <span class='ocrx_word' id='word_1_103' title='bbox 1493 1670 1678 1739; x_wconf 85' lang='lat' dir='ltr'>Eurip.</span> <span class='ocrx_word' id='word_1_104' title='bbox 1713 1669 1965 1725; x_wconf 83' lang='lat' dir='ltr'>Androm.</span> <span class='ocrx_word' id='word_1_105' title='bbox 2005 1689 2053 1725; x_wconf 85' lang='lat' dir='ltr'>v.</span> <span class='ocrx_word' id='word_1_106' title='bbox 2091 1672 2212 1727; x_wconf 89' lang='grc'>276.</span> <span class='ocrx_word' id='word_1_107' title='bbox 2284 1672 2441 1725; x_wconf 88' lang='lat' dir='ltr'>immo</span> <span class='ocrx_word' id='word_1_108' title='bbox 2477 1670 2556 1739; x_wconf 89' lang='lat' dir='ltr'>(id</span> 
     </span>
    </p>
   </div>
   <div class='ocr_carea' id='block_1_6' title="bbox 379 1755 2558 1826">
    <p class='ocr_par' dir='ltr' id='par_1_6' title="bbox 379 1755 2558 1826">
     <span class='ocr_line' id='line_1_14' title="bbox 379 1755 2558 1826; baseline 0 -16"><span class='ocrx_word' id='word_1_109' title='bbox 379 1768 390 1777; x_wconf 90' lang='lat'><strong>·</strong></span> <span class='ocrx_word' id='word_1_110' title='bbox 476 1756 619 1826; x_wconf 90' lang='lat' dir='ltr'>quod</span> <span class='ocrx_word' id='word_1_111' title='bbox 651 1755 849 1809; x_wconf 91' lang='lat' dir='ltr'>ibidem</span> <span class='ocrx_word' id='word_1_112' title='bbox 882 1756 942 1809; x_wconf 92' lang='lat' dir='ltr'>in</span> <span class='ocrx_word' id='word_1_113' title='bbox 974 1755 1233 1810; x_wconf 84' lang='lat' dir='ltr'>Vaticano</span> <span class='ocrx_word' id='word_1_114' title='bbox 1269 1755 1471 1809; x_wconf 87' lang='lat' dir='ltr'>scholio</span> <span class='ocrx_word' id='word_1_115' title='bbox 1507 1755 1865 1826; x_wconf 83' lang='lat' dir='ltr'>Chrysippum</span> <span class='ocrx_word' id='word_1_116' title='bbox 1911 1756 2139 1810; x_wconf 88' lang='lat' dir='ltr'>stoicum</span> <span class='ocrx_word' id='word_1_117' title='bbox 2174 1759 2230 1811; x_wconf 90' lang='lat' dir='ltr'>et</span> <span class='ocrx_word' id='word_1_118' title='bbox 2258 1757 2368 1826; x_wconf 82' lang='lat' dir='ltr'>jam</span> <span class='ocrx_word' id='word_1_119' title='bbox 2400 1760 2558 1811; x_wconf 79' lang='lat' dir='ltr'>antea</span> 
     </span>
    </p>
   </div>
   <div class='ocr_carea' id='block_1_7' title="bbox 446 1840 2571 4415">
    <p class='ocr_par' dir='ltr' id='par_1_7' title="bbox 446 1840 2571 3896">
     <span class='ocr_line' id='line_1_15' title="bbox 476 1840 2554 1912; baseline -0.001 -15"><span class='ocrx_word' id='word_1_120' title='bbox 476 1842 793 1912; x_wconf 80' lang='lat' dir='ltr'><strong>Sophoclem</strong></span> <span class='ocrx_word' id='word_1_121' title='bbox 839 1858 921 1911; x_wconf 86' lang='lat' dir='ltr'>ap.</span> <span class='ocrx_word' id='word_1_122' title='bbox 957 1841 1156 1896; x_wconf 86' lang='lat' dir='ltr'>Athen.</span> <span class='ocrx_word' id='word_1_123' title='bbox 1192 1841 1297 1896; x_wconf 85' lang='lat' dir='ltr'>XV</span> <span class='ocrx_word' id='word_1_124' title='bbox 1328 1859 1382 1911; x_wconf 88' lang='lat' dir='ltr'>p.</span> <span class='ocrx_word' id='word_1_125' title='bbox 1419 1843 1538 1906; x_wconf 82' lang='grc'><strong><em>687,</em></strong></span> <span class='ocrx_word' id='word_1_126' title='bbox 1587 1858 1618 1894; x_wconf 90' lang='lat' dir='ltr'>c</span> <span class='ocrx_word' id='word_1_127' title='bbox 1652 1857 1762 1895; x_wconf 89' lang='lat' dir='ltr'>non</span> <span class='ocrx_word' id='word_1_128' title='bbox 1792 1840 1955 1910; x_wconf 83' lang='lat' dir='ltr'>fugit)</span> <span class='ocrx_word' id='word_1_129' title='bbox 2007 1842 2201 1897; x_wconf 78' lang='lat' dir='ltr'>fabella</span> <span class='ocrx_word' id='word_1_130' title='bbox 2242 1843 2351 1897; x_wconf 84' lang='lat' dir='ltr'>ista</span> <span class='ocrx_word' id='word_1_131' title='bbox 2384 1842 2554 1906; x_wconf 85' lang='lat' dir='ltr'>docet,</span> 
     </span>
     <span class='ocr_line' id='line_1_16' title="bbox 474 1928 2551 1999; baseline -0 -15"><span class='ocrx_word' id='word_1_132' title='bbox 474 1929 642 1984; x_wconf 88' lang='lat' dir='ltr'>Parin</span> <span class='ocrx_word' id='word_1_133' title='bbox 681 1929 838 1995; x_wconf 84' lang='lat' dir='ltr'>regni</span> <span class='ocrx_word' id='word_1_134' title='bbox 882 1928 1153 1998; x_wconf 78' lang='lat' dir='ltr'>splendori</span> <span class='ocrx_word' id='word_1_135' title='bbox 1197 1930 1254 1982; x_wconf 92' lang='lat' dir='ltr'>et</span> <span class='ocrx_word' id='word_1_136' title='bbox 1297 1929 1500 1997; x_wconf 84' lang='lat' dir='ltr'>gloriae</span> <span class='ocrx_word' id='word_1_137' title='bbox 1551 1928 1681 1982; x_wconf 89' lang='lat' dir='ltr'>belli</span> <span class='ocrx_word' id='word_1_138' title='bbox 1727 1928 1944 1983; x_wconf 86' lang='lat' dir='ltr'>delicias</span> <span class='ocrx_word' id='word_1_139' title='bbox 1988 1929 2306 1999; x_wconf 86' lang='lat' dir='ltr'>praetulisse</span> <span class='ocrx_word' id='word_1_140' title='bbox 2341 1929 2551 1983; x_wconf 85' lang='lat' dir='ltr'>amoris.</span> 
     </span>
     <span class='ocr_line' id='line_1_17' title="bbox 446 2014 2551 2085; baseline -0 -15"><span class='ocrx_word' id='word_1_141' title='bbox 446 2021 451 2026; x_wconf 89' lang='lat'>&#39;</span> <span class='ocrx_word' id='word_1_142' title='bbox 476 2018 714 2070; x_wconf 86' lang='lat' dir='ltr'>ceterum</span> <span class='ocrx_word' id='word_1_143' title='bbox 750 2015 889 2084; x_wconf 88' lang='lat' dir='ltr'>epici</span> <span class='ocrx_word' id='word_1_144' title='bbox 920 2015 979 2068; x_wconf 92' lang='lat' dir='ltr'>in</span> <span class='ocrx_word' id='word_1_145' title='bbox 1013 2014 1209 2069; x_wconf 88' lang='lat' dir='ltr'>fabulis</span> <span class='ocrx_word' id='word_1_146' title='bbox 1245 2014 1555 2068; x_wconf 80' lang='lat' dir='ltr'>enarrandis</span> <span class='ocrx_word' id='word_1_147' title='bbox 1591 2031 1698 2068; x_wconf 93' lang='lat' dir='ltr'>non</span> <span class='ocrx_word' id='word_1_148' title='bbox 1711 2014 1912 2084; x_wconf 88' lang='lat' dir='ltr'>Aesopi</span> <span class='ocrx_word' id='word_1_149' title='bbox 1944 2015 2287 2085; x_wconf 72' lang='lat' dir='ltr'>simplicitate</span> <span class='ocrx_word' id='word_1_150' title='bbox 2321 2014 2415 2069; x_wconf 91' lang='lat' dir='ltr'>sed</span> <span class='ocrx_word' id='word_1_151' title='bbox 2441 2032 2551 2069; x_wconf 85' lang='lat' dir='ltr'>am-</span> 
     </span>
     <span class='ocr_line' id='line_1_18' title="bbox 475 2101 2554 2171; baseline 0 -17"><span class='ocrx_word' id='word_1_152' title='bbox 475 2102 705 2171; x_wconf 85' lang='lat' dir='ltr'>bagibus</span> <span class='ocrx_word' id='word_1_153' title='bbox 741 2101 1060 2169; x_wconf 87' lang='lat' dir='ltr'>deorumque</span> <span class='ocrx_word' id='word_1_154' title='bbox 1101 2101 1413 2154; x_wconf 84' lang='lat' dir='ltr'>ministeriis</span> <span class='ocrx_word' id='word_1_155' title='bbox 1461 2103 1690 2154; x_wconf 88' lang='lat' dir='ltr'>utuntur</span> <span class='ocrx_word' id='word_1_156' title='bbox 1735 2103 1791 2154; x_wconf 90' lang='lat' dir='ltr'>et</span> <span class='ocrx_word' id='word_1_157' title='bbox 1833 2101 2080 2156; x_wconf 75' lang='lat' dir='ltr'>historici</span> <span class='ocrx_word' id='word_1_158' title='bbox 2125 2118 2267 2155; x_wconf 92' lang='lat' dir='ltr'>more</span> <span class='ocrx_word' id='word_1_159' title='bbox 2312 2101 2554 2155; x_wconf 84' lang='lat' dir='ltr'>fabulosa</span> 
     </span>
     <span class='ocr_line' id='line_1_19' title="bbox 475 2185 2553 2257; baseline -0.001 -15"><span class='ocrx_word' id='word_1_160' title='bbox 475 2187 692 2242; x_wconf 86' lang='lat' dir='ltr'>inventa</span> <span class='ocrx_word' id='word_1_161' title='bbox 726 2188 892 2241; x_wconf 87' lang='lat' dir='ltr'>oculis</span> <span class='ocrx_word' id='word_1_162' title='bbox 941 2186 1237 2256; x_wconf 85' lang='lat' dir='ltr'>subjiciunt</span> <span class='ocrx_word' id='word_1_163' title='bbox 1281 2188 1435 2257; x_wconf 83' lang='lat' dir='ltr'>quasi</span> <span class='ocrx_word' id='word_1_164' title='bbox 1478 2204 1563 2240; x_wconf 89' lang='lat' dir='ltr'>res</span> <span class='ocrx_word' id='word_1_165' title='bbox 1607 2186 1752 2241; x_wconf 90' lang='lat' dir='ltr'>haud</span> <span class='ocrx_word' id='word_1_166' title='bbox 1796 2185 1955 2241; x_wconf 90' lang='lat' dir='ltr'>dubie</span> <span class='ocrx_word' id='word_1_167' title='bbox 2000 2190 2197 2256; x_wconf 84' lang='lat' dir='ltr'>gestas.</span> <span class='ocrx_word' id='word_1_168' title='bbox 2267 2186 2364 2241; x_wconf 89' lang='lat' dir='ltr'>sed</span> <span class='ocrx_word' id='word_1_169' title='bbox 2398 2186 2553 2255; x_wconf 85' lang='lat' dir='ltr'>,judi-</span> 
     </span>
     <span class='ocr_line' id='line_1_20' title="bbox 475 2272 2553 2343; baseline -0.001 -15"><span class='ocrx_word' id='word_1_170' title='bbox 475 2274 619 2328; x_wconf 90' lang='lat' dir='ltr'>cium</span> <span class='ocrx_word' id='word_1_171' title='bbox 654 2274 884 2328; x_wconf 87' lang='lat' dir='ltr'>dearum‘</span> <span class='ocrx_word' id='word_1_172' title='bbox 917 2273 1185 2327; x_wconf 88' lang='lat' dir='ltr'>invenisse</span> <span class='ocrx_word' id='word_1_173' title='bbox 1220 2273 1336 2343; x_wconf 88' lang='lat' dir='ltr'>ipse</span> <span class='ocrx_word' id='word_1_174' title='bbox 1369 2274 1632 2328; x_wconf 89' lang='lat' dir='ltr'>Homerus</span> <span class='ocrx_word' id='word_1_175' title='bbox 1669 2273 1795 2328; x_wconf 92' lang='lat' dir='ltr'>olim</span> <span class='ocrx_word' id='word_1_176' title='bbox 1827 2274 2116 2343; x_wconf 86' lang='lat' dir='ltr'>putabatur</span> <span class='ocrx_word' id='word_1_177' title='bbox 2148 2272 2215 2327; x_wconf 93' lang='lat' dir='ltr'>ob</span> <span class='ocrx_word' id='word_1_178' title='bbox 2251 2272 2353 2327; x_wconf 89' lang='lat' dir='ltr'>duo</span> <span class='ocrx_word' id='word_1_179' title='bbox 2388 2273 2553 2327; x_wconf 86' lang='lat' dir='ltr'>versi-</span> 
     </span>
     <span class='ocr_line' id='line_1_21' title="bbox 477 2357 2553 2429; baseline -0.001 -14"><span class='ocrx_word' id='word_1_180' title='bbox 477 2361 626 2415; x_wconf 87' lang='lat' dir='ltr'>culos</span> <span class='ocrx_word' id='word_1_181' title='bbox 660 2360 720 2413; x_wconf 92' lang='lat' dir='ltr'>in</span> <span class='ocrx_word' id='word_1_182' title='bbox 755 2361 826 2415; x_wconf 74' lang='grc' dir='ltr'>Π.</span> <span class='ocrx_word' id='word_1_183' title='bbox 867 2357 943 2424; x_wconf 86' lang='grc' dir='ltr'><strong><em>ω’,</em></strong></span> <span class='ocrx_word' id='word_1_184' title='bbox 977 2361 1047 2415; x_wconf 90' lang='grc'>29</span> <span class='ocrx_word' id='word_1_185' title='bbox 1082 2376 1163 2429; x_wconf 88' lang='lat' dir='ltr'>sq.</span> <span class='ocrx_word' id='word_1_186' title='bbox 1224 2362 1282 2414; x_wconf 87' lang='lat' dir='ltr'>at</span> <span class='ocrx_word' id='word_1_187' title='bbox 1313 2359 1476 2414; x_wconf 90' lang='lat' dir='ltr'>hosce</span> <span class='ocrx_word' id='word_1_188' title='bbox 1508 2377 1692 2414; x_wconf 85' lang='lat' dir='ltr'>versus</span> <span class='ocrx_word' id='word_1_189' title='bbox 1738 2361 1805 2414; x_wconf 85' lang='lat' dir='ltr'>ab</span> <span class='ocrx_word' id='word_1_190' title='bbox 1840 2361 2070 2414; x_wconf 88' lang='lat' dir='ltr'>Homero</span> <span class='ocrx_word' id='word_1_191' title='bbox 2103 2361 2248 2415; x_wconf 88' lang='lat' dir='ltr'>recte</span> <span class='ocrx_word' id='word_1_192' title='bbox 2282 2358 2553 2428; x_wconf 83' lang='lat' dir='ltr'>abjudica-</span> 
     </span>
     <span class='ocr_line' id='line_1_22' title="bbox 473 2444 2552 2516; baseline -0.001 -15"><span class='ocrx_word' id='word_1_193' title='bbox 473 2448 555 2502; x_wconf 82' lang='lat' dir='ltr'>vit</span> <span class='ocrx_word' id='word_1_194' title='bbox 586 2447 789 2516; x_wconf 87' lang='lat' dir='ltr'>primus</span> <span class='ocrx_word' id='word_1_195' title='bbox 823 2445 1262 2500; x_wconf 87' lang='lat' dir='ltr'>Hemsterhusius</span> <span class='ocrx_word' id='word_1_196' title='bbox 1298 2446 1335 2500; x_wconf 94' lang='lat'>1.</span> <span class='ocrx_word' id='word_1_197' title='bbox 1372 2446 1427 2511; x_wconf 92' lang='grc'><strong><em>1.,</em></strong></span> <span class='ocrx_word' id='word_1_198' title='bbox 1473 2446 1594 2500; x_wconf 89' lang='lat' dir='ltr'>ideo</span> <span class='ocrx_word' id='word_1_199' title='bbox 1636 2446 1778 2515; x_wconf 89' lang='lat' dir='ltr'>quod</span> <span class='ocrx_word' id='word_1_200' title='bbox 1820 2449 2057 2501; x_wconf 82' lang='lat' dir='ltr'>veterum</span> <span class='ocrx_word' id='word_1_201' title='bbox 2101 2444 2317 2515; x_wconf 89' lang='lat' dir='ltr'>quidam</span> <span class='ocrx_word' id='word_1_202' title='bbox 2360 2445 2419 2499; x_wconf 88' lang='lat' dir='ltr'>in</span> <span class='ocrx_word' id='word_1_203' title='bbox 2464 2445 2552 2499; x_wconf 87' lang='lat' dir='ltr'>his</span> 
     </span>
     <span class='ocr_line' id='line_1_23' title="bbox 473 2530 2553 2602; baseline -0.002 -13"><span class='ocrx_word' id='word_1_204' title='bbox 473 2533 776 2589; x_wconf 81' lang='lat' dir='ltr'>Macrobius</span> <span class='ocrx_word' id='word_1_205' title='bbox 813 2531 1027 2586; x_wconf 83' lang='lat' dir='ltr'>Saturn.</span> <span class='ocrx_word' id='word_1_206' title='bbox 1063 2534 1130 2596; x_wconf 91' lang='lat' dir='ltr'>V,</span> <span class='ocrx_word' id='word_1_207' title='bbox 1169 2534 1234 2588; x_wconf 94' lang='lat'>16</span> <span class='ocrx_word' id='word_1_208' title='bbox 1282 2530 1398 2602; x_wconf 88' lang='lat' dir='ltr'>(qui</span> <span class='ocrx_word' id='word_1_209' title='bbox 1440 2532 1510 2586; x_wconf 83' lang='lat' dir='ltr'>ad</span> <span class='ocrx_word' id='word_1_210' title='bbox 1542 2534 1703 2602; x_wconf 85' lang='lat' dir='ltr'>Verg.</span> <span class='ocrx_word' id='word_1_211' title='bbox 1740 2533 1873 2587; x_wconf 88' lang='lat' dir='ltr'>Aen.</span> <span class='ocrx_word' id='word_1_212' title='bbox 1910 2532 1955 2598; x_wconf 94' lang='lat'>1,</span> <span class='ocrx_word' id='word_1_213' title='bbox 1992 2535 2059 2590; x_wconf 83' lang='lat'>27</span> <span class='ocrx_word' id='word_1_214' title='bbox 2094 2530 2324 2600; x_wconf 80' lang='lat' dir='ltr'>adludit)</span> <span class='ocrx_word' id='word_1_215' title='bbox 2373 2532 2553 2586; x_wconf 90' lang='lat' dir='ltr'>obser-</span> 
     </span>
     <span class='ocr_line' id='line_1_24' title="bbox 475 2617 2551 2688; baseline -0.001 -13"><span class='ocrx_word' id='word_1_216' title='bbox 475 2620 666 2685; x_wconf 86' lang='lat' dir='ltr'>varint,</span> <span class='ocrx_word' id='word_1_217' title='bbox 701 2619 905 2673; x_wconf 84' lang='lat' dir='ltr'>nullam</span> <span class='ocrx_word' id='word_1_218' title='bbox 938 2618 1004 2674; x_wconf 89' lang='lat' dir='ltr'>de</span> <span class='ocrx_word' id='word_1_219' title='bbox 1033 2618 1234 2688; x_wconf 83' lang='lat' dir='ltr'>judicio</span> <span class='ocrx_word' id='word_1_220' title='bbox 1249 2618 1461 2674; x_wconf 80' lang='lat' dir='ltr'>Paridis</span> <span class='ocrx_word' id='word_1_221' title='bbox 1495 2619 1817 2675; x_wconf 88' lang='lat' dir='ltr'>mentionem</span> <span class='ocrx_word' id='word_1_222' title='bbox 1843 2620 1910 2674; x_wconf 82' lang='lat' dir='ltr'>ab</span> <span class='ocrx_word' id='word_1_223' title='bbox 1927 2620 2156 2674; x_wconf 88' lang='lat' dir='ltr'>Homero</span> <span class='ocrx_word' id='word_1_224' title='bbox 2189 2617 2385 2673; x_wconf 80' lang='lat' dir='ltr'>factam</span> <span class='ocrx_word' id='word_1_225' title='bbox 2420 2635 2551 2673; x_wconf 89' lang='lat' dir='ltr'>esse.</span> 
     </span>
     <span class='ocr_line' id='line_1_25' title="bbox 474 2705 2550 2777; baseline -0 -16"><span class='ocrx_word' id='word_1_226' title='bbox 474 2706 634 2762; x_wconf 88' lang='lat' dir='ltr'>hodie</span> <span class='ocrx_word' id='word_1_227' title='bbox 669 2724 699 2761; x_wconf 90' lang='lat' dir='ltr'>e</span> <span class='ocrx_word' id='word_1_228' title='bbox 733 2705 954 2760; x_wconf 86' lang='lat' dir='ltr'>scholiis</span> <span class='ocrx_word' id='word_1_229' title='bbox 988 2705 1209 2759; x_wconf 89' lang='lat' dir='ltr'>Venetis</span> <span class='ocrx_word' id='word_1_230' title='bbox 1245 2705 1315 2760; x_wconf 86' lang='lat' dir='ltr'>ad</span> <span class='ocrx_word' id='word_1_231' title='bbox 1347 2705 1418 2761; x_wconf 83' lang='lat' dir='ltr'>Jl.</span> <span class='ocrx_word' id='word_1_232' title='bbox 1456 2706 1493 2760; x_wconf 90' lang='lat'>1.</span> <span class='ocrx_word' id='word_1_233' title='bbox 1530 2706 1566 2759; x_wconf 93' lang='lat' dir='ltr'>l.</span> <span class='ocrx_word' id='word_1_234' title='bbox 1601 2706 1788 2776; x_wconf 87' lang='lat' dir='ltr'>liquet,</span> <span class='ocrx_word' id='word_1_235' title='bbox 1821 2706 2235 2777; x_wconf 81' lang='lat' dir='ltr'>Aristophanem</span> <span class='ocrx_word' id='word_1_236' title='bbox 2267 2707 2397 2775; x_wconf 85' lang='lat' dir='ltr'><strong>Byz.</strong></span> <span class='ocrx_word' id='word_1_237' title='bbox 2434 2722 2550 2760; x_wconf 80' lang='lat' dir='ltr'>ver-</span> 
     </span>
     <span class='ocr_line' id='line_1_26' title="bbox 477 2792 2554 2860; baseline 0.001 -12"><span class='ocrx_word' id='word_1_238' title='bbox 477 2810 569 2848; x_wconf 87' lang='lat' dir='ltr'>sus</span> <span class='ocrx_word' id='word_1_239' title='bbox 615 2793 751 2846; x_wconf 89' lang='lat' dir='ltr'>istos</span> <span class='ocrx_word' id='word_1_240' title='bbox 798 2792 957 2845; x_wconf 88' lang='lat' dir='ltr'>aliter</span> <span class='ocrx_word' id='word_1_241' title='bbox 1008 2792 1236 2860; x_wconf 90' lang='lat' dir='ltr'>scriptos</span> <span class='ocrx_word' id='word_1_242' title='bbox 1271 2792 1446 2847; x_wconf 86' lang='lat' dir='ltr'>adhuc</span> <span class='ocrx_word' id='word_1_243' title='bbox 1481 2809 1734 2858; x_wconf 86' lang='lat' dir='ltr'>servasse,</span> <span class='ocrx_word' id='word_1_244' title='bbox 1777 2793 2149 2848; x_wconf 86' lang='lat' dir='ltr'>Aristarchum</span> <span class='ocrx_word' id='word_1_245' title='bbox 2189 2795 2367 2847; x_wconf 88' lang='lat' dir='ltr'>autem</span> <span class='ocrx_word' id='word_1_246' title='bbox 2398 2812 2446 2847; x_wconf 86' lang='lat' dir='ltr'>v.</span> <span class='ocrx_word' id='word_1_247' title='bbox 2485 2795 2554 2850; x_wconf 83' lang='lat'>30</span> 
     </span>
     <span class='ocr_line' id='line_1_27' title="bbox 477 2877 2556 2949; baseline 0 -17"><span class='ocrx_word' id='word_1_248' title='bbox 477 2878 556 2947; x_wconf 88' lang='lat' dir='ltr'>(et</span> <span class='ocrx_word' id='word_1_249' title='bbox 599 2878 743 2932; x_wconf 88' lang='lat' dir='ltr'>haud</span> <span class='ocrx_word' id='word_1_250' title='bbox 789 2877 951 2931; x_wconf 90' lang='lat' dir='ltr'>dubie</span> <span class='ocrx_word' id='word_1_251' title='bbox 996 2878 1158 2931; x_wconf 91' lang='lat' dir='ltr'>etiam</span> <span class='ocrx_word' id='word_1_252' title='bbox 1203 2896 1250 2932; x_wconf 85' lang='lat' dir='ltr'>v.</span> <span class='ocrx_word' id='word_1_253' title='bbox 1285 2877 1376 2946; x_wconf 86' lang='grc'>29)</span> <span class='ocrx_word' id='word_1_254' title='bbox 1424 2882 1485 2933; x_wconf 93' lang='lat' dir='ltr'>ut</span> <span class='ocrx_word' id='word_1_255' title='bbox 1527 2880 1757 2934; x_wconf 90' lang='lat' dir='ltr'>Homero</span> <span class='ocrx_word' id='word_1_256' title='bbox 1804 2879 2084 2949; x_wconf 88' lang='lat' dir='ltr'>indignum</span> <span class='ocrx_word' id='word_1_257' title='bbox 2126 2880 2387 2949; x_wconf 84' lang='lat' dir='ltr'>rejecisse.</span> <span class='ocrx_word' id='word_1_258' title='bbox 2460 2879 2556 2933; x_wconf 90' lang='lat' dir='ltr'>sed</span> 
     </span>
     <span class='ocr_line' id='line_1_28' title="bbox 473 2964 2555 3034; baseline -0 -15"><span class='ocrx_word' id='word_1_259' title='bbox 473 2964 836 3029; x_wconf 86' lang='lat' dir='ltr'>Aristarchus,</span> <span class='ocrx_word' id='word_1_260' title='bbox 887 2964 983 3034; x_wconf 89' lang='lat' dir='ltr'>qui</span> <span class='ocrx_word' id='word_1_261' title='bbox 1022 2965 1080 3017; x_wconf 91' lang='lat' dir='ltr'>in</span> <span class='ocrx_word' id='word_1_262' title='bbox 1127 2965 1345 3019; x_wconf 87' lang='lat' dir='ltr'>scholiis</span> <span class='ocrx_word' id='word_1_263' title='bbox 1390 2966 1540 3020; x_wconf 89' lang='lat' dir='ltr'>nulla</span> <span class='ocrx_word' id='word_1_264' title='bbox 1583 2966 1689 3020; x_wconf 82' lang='lat' dir='ltr'>alia</span> <span class='ocrx_word' id='word_1_265' title='bbox 1731 2982 1789 3021; x_wconf 92' lang='lat' dir='ltr'>re</span> <span class='ocrx_word' id='word_1_266' title='bbox 1835 2966 1944 3020; x_wconf 89' lang='lat' dir='ltr'>nisi</span> <span class='ocrx_word' id='word_1_267' title='bbox 1988 2982 2114 3020; x_wconf 85' lang='lat' dir='ltr'>voce</span> <span class='ocrx_word' id='word_1_268' title='bbox 2148 2983 2257 3020; x_wconf 92' lang='lat' dir='ltr'>non</span> <span class='ocrx_word' id='word_1_269' title='bbox 2288 2966 2555 3019; x_wconf 83' lang='lat' dir='ltr'>homerica</span> 
     </span>
     <span class='ocr_line' id='line_1_29' title="bbox 476 3040 2554 3122; baseline 0.001 -20"><span class='ocrx_word' id='word_1_270' title='bbox 476 3040 787 3119; x_wconf 71' lang='grc' dir='ltr'><strong><em>μαχλοσῦνη</em></strong></span> <span class='ocrx_word' id='word_1_271' title='bbox 836 3053 1013 3103; x_wconf 92' lang='lat' dir='ltr'>motus</span> <span class='ocrx_word' id='word_1_272' title='bbox 1050 3067 1167 3104; x_wconf 92' lang='lat' dir='ltr'>esse</span> <span class='ocrx_word' id='word_1_273' title='bbox 1203 3050 1413 3116; x_wconf 87' lang='lat' dir='ltr'>dicitur,</span> <span class='ocrx_word' id='word_1_274' title='bbox 1461 3053 1694 3106; x_wconf 89' lang='lat' dir='ltr'>omnium</span> <span class='ocrx_word' id='word_1_275' title='bbox 1736 3053 1938 3121; x_wconf 88' lang='lat' dir='ltr'>primus</span> <span class='ocrx_word' id='word_1_276' title='bbox 1976 3052 2309 3122; x_wconf 86' lang='lat' dir='ltr'>perspexisse</span> <span class='ocrx_word' id='word_1_277' title='bbox 2343 3050 2554 3104; x_wconf 85' lang='lat' dir='ltr'>videtur</span> 
     </span>
     <span class='ocr_line' id='line_1_30' title="bbox 475 3135 2551 3205; baseline 0.001 -15"><span class='ocrx_word' id='word_1_278' title='bbox 475 3136 710 3191; x_wconf 83' lang='lat' dir='ltr'>fabulam</span> <span class='ocrx_word' id='word_1_279' title='bbox 756 3137 821 3191; x_wconf 89' lang='lat' dir='ltr'>de</span> <span class='ocrx_word' id='word_1_280' title='bbox 852 3135 1054 3205; x_wconf 84' lang='lat' dir='ltr'>judicio</span> <span class='ocrx_word' id='word_1_281' title='bbox 1101 3136 1318 3191; x_wconf 88' lang='lat' dir='ltr'>dearum</span> <span class='ocrx_word' id='word_1_282' title='bbox 1362 3138 1421 3191; x_wconf 89' lang='lat' dir='ltr'>in</span> <span class='ocrx_word' id='word_1_283' title='bbox 1453 3139 1741 3192; x_wconf 87' lang='lat' dir='ltr'>Homerum</span> <span class='ocrx_word' id='word_1_284' title='bbox 1786 3155 1895 3192; x_wconf 91' lang='lat' dir='ltr'>non</span> <span class='ocrx_word' id='word_1_285' title='bbox 1937 3138 2137 3193; x_wconf 82' lang='lat' dir='ltr'>cadere.</span> <span class='ocrx_word' id='word_1_286' title='bbox 2206 3137 2551 3192; x_wconf 85' lang='lat' dir='ltr'>Aristarchus</span> 
     </span>
     <span class='ocr_line' id='line_1_31' title="bbox 477 3222 2553 3295; baseline -0 -17"><span class='ocrx_word' id='word_1_287' title='bbox 477 3223 621 3278; x_wconf 84' lang='lat' dir='ltr'>enim</span> <span class='ocrx_word' id='word_1_288' title='bbox 664 3222 893 3291; x_wconf 78' lang='lat' dir='ltr'>cyclicos</span> <span class='ocrx_word' id='word_1_289' title='bbox 943 3225 1128 3292; x_wconf 81' lang='lat' dir='ltr'>poetas</span> <span class='ocrx_word' id='word_1_290' title='bbox 1180 3224 1325 3292; x_wconf 91' lang='lat' dir='ltr'>ipsos</span> <span class='ocrx_word' id='word_1_291' title='bbox 1378 3224 1585 3293; x_wconf 85' lang='lat' dir='ltr'>legerat</span> <span class='ocrx_word' id='word_1_292' title='bbox 1626 3224 1931 3295; x_wconf 87' lang='lat' dir='ltr'>sciebatque</span> <span class='ocrx_word' id='word_1_293' title='bbox 1974 3223 2052 3293; x_wconf 90' lang='lat' dir='ltr'>(id</span> <span class='ocrx_word' id='word_1_294' title='bbox 2097 3224 2239 3294; x_wconf 89' lang='lat' dir='ltr'>quod</span> <span class='ocrx_word' id='word_1_295' title='bbox 2279 3241 2377 3278; x_wconf 91' lang='lat' dir='ltr'>nos</span> <span class='ocrx_word' id='word_1_296' title='bbox 2428 3226 2553 3293; x_wconf 91' lang='lat' dir='ltr'>post</span> 
     </span>
     <span class='ocr_line' id='line_1_32' title="bbox 475 3308 2550 3380; baseline 0 -16"><span class='ocrx_word' id='word_1_297' title='bbox 475 3309 849 3364; x_wconf 88' lang='lat' dir='ltr'>Hemsterhusi</span> <span class='ocrx_word' id='word_1_298' title='bbox 896 3308 1102 3362; x_wconf 88' lang='lat' dir='ltr'>obitum</span> <span class='ocrx_word' id='word_1_299' title='bbox 1148 3326 1178 3362; x_wconf 91' lang='lat' dir='ltr'>e</span> <span class='ocrx_word' id='word_1_300' title='bbox 1214 3309 1328 3364; x_wconf 83' lang='lat' dir='ltr'>cod.</span> <span class='ocrx_word' id='word_1_301' title='bbox 1360 3310 1724 3365; x_wconf 82' lang='lat' dir='ltr'>Escurialensi</span> <span class='ocrx_word' id='word_1_302' title='bbox 1759 3308 2060 3378; x_wconf 87' lang='lat' dir='ltr'>didicimus)</span> <span class='ocrx_word' id='word_1_303' title='bbox 2101 3311 2335 3365; x_wconf 85' lang='lat' dir='ltr'>fabulam</span> <span class='ocrx_word' id='word_1_304' title='bbox 2368 3311 2433 3364; x_wconf 87' lang='lat' dir='ltr'>de</span> <span class='ocrx_word' id='word_1_305' title='bbox 2463 3311 2550 3380; x_wconf 88' lang='lat' dir='ltr'>ju-</span> 
     </span>
     <span class='ocr_line' id='line_1_33' title="bbox 478 3395 2571 3468; baseline -0.001 -18"><span class='ocrx_word' id='word_1_306' title='bbox 478 3395 617 3450; x_wconf 88' lang='lat' dir='ltr'>dicio</span> <span class='ocrx_word' id='word_1_307' title='bbox 663 3395 880 3467; x_wconf 72' lang='lat' dir='ltr'>dearum</span> <span class='ocrx_word' id='word_1_308' title='bbox 931 3395 1203 3464; x_wconf 88' lang='lat' dir='ltr'>aliquanto</span> <span class='ocrx_word' id='word_1_309' title='bbox 1254 3398 1380 3465; x_wconf 89' lang='lat' dir='ltr'>post</span> <span class='ocrx_word' id='word_1_310' title='bbox 1428 3397 1717 3453; x_wconf 89' lang='lat' dir='ltr'>Homerum</span> <span class='ocrx_word' id='word_1_311' title='bbox 1760 3398 1931 3468; x_wconf 89' lang='lat' dir='ltr'>primo</span> <span class='ocrx_word' id='word_1_312' title='bbox 1973 3400 2237 3452; x_wconf 83' lang='lat' dir='ltr'>narratam</span> <span class='ocrx_word' id='word_1_313' title='bbox 2281 3396 2448 3452; x_wconf 89' lang='lat' dir='ltr'>fuisse</span> <span class='ocrx_word' id='word_1_314' title='bbox 2494 3398 2571 3451; x_wconf 89' lang='lat' dir='ltr'>in.</span> 
     </span>
     <span class='ocr_line' id='line_1_34' title="bbox 477 3481 2554 3554; baseline 0.001 -18"><span class='ocrx_word' id='word_1_315' title='bbox 477 3481 690 3551; x_wconf 77' lang='lat' dir='ltr'>‚Cyprio</span> <span class='ocrx_word' id='word_1_316' title='bbox 727 3481 970 3535; x_wconf 86' lang='lat' dir='ltr'>carmine‘</span> <span class='ocrx_word' id='word_1_317' title='bbox 1005 3483 1117 3535; x_wconf 89' lang='lat' dir='ltr'>sive</span> <span class='ocrx_word' id='word_1_318' title='bbox 1152 3481 1356 3536; x_wconf 82' lang='lat' dir='ltr'>Stasini</span> <span class='ocrx_word' id='word_1_319' title='bbox 1390 3484 1501 3537; x_wconf 87' lang='lat' dir='ltr'>sive</span> <span class='ocrx_word' id='word_1_320' title='bbox 1533 3484 1671 3537; x_wconf 85' lang='lat' dir='ltr'>alius</span> <span class='ocrx_word' id='word_1_321' title='bbox 1705 3486 1893 3554; x_wconf 88' lang='lat' dir='ltr'>poetae</span> <span class='ocrx_word' id='word_1_322' title='bbox 1928 3485 2130 3553; x_wconf 82' lang='lat' dir='ltr'>cyclici.</span> <span class='ocrx_word' id='word_1_323' title='bbox 2193 3484 2423 3548; x_wconf 86' lang='lat' dir='ltr'>Proculi,</span> <span class='ocrx_word' id='word_1_324' title='bbox 2460 3484 2554 3553; x_wconf 87' lang='lat' dir='ltr'>qui</span> 
     </span>
     <span class='ocr_line' id='line_1_35' title="bbox 475 3567 2551 3632; baseline 0 -10"><span class='ocrx_word' id='word_1_325' title='bbox 475 3568 608 3622; x_wconf 85' lang='lat' dir='ltr'>haec</span> <span class='ocrx_word' id='word_1_326' title='bbox 641 3584 739 3622; x_wconf 93' lang='lat' dir='ltr'>nos</span> <span class='ocrx_word' id='word_1_327' title='bbox 776 3567 971 3632; x_wconf 87' lang='lat' dir='ltr'>docuit,</span> <span class='ocrx_word' id='word_1_328' title='bbox 1022 3568 1199 3622; x_wconf 88' lang='lat' dir='ltr'>locum</span> <span class='ocrx_word' id='word_1_329' title='bbox 1240 3568 1401 3622; x_wconf 79' lang='lat' dir='ltr'>inulti</span> <span class='ocrx_word' id='word_1_330' title='bbox 1444 3569 1726 3623; x_wconf 89' lang='lat' dir='ltr'>ediderunt</span> <span class='ocrx_word' id='word_1_331' title='bbox 1767 3570 1936 3625; x_wconf 84' lang='lat' dir='ltr'>veluti</span> <span class='ocrx_word' id='word_1_332' title='bbox 1981 3568 2291 3626; x_wconf 84' lang='lat' dir='ltr'>Gaisfordus</span> <span class='ocrx_word' id='word_1_333' title='bbox 2339 3569 2408 3623; x_wconf 84' lang='lat' dir='ltr'>ad</span> <span class='ocrx_word' id='word_1_334' title='bbox 2441 3570 2551 3623; x_wconf 92' lang='lat' dir='ltr'>He-</span> 
     </span>
     <span class='ocr_line' id='line_1_36' title="bbox 475 3653 2549 3725; baseline 0 -17"><span class='ocrx_word' id='word_1_335' title='bbox 475 3653 683 3724; x_wconf 88' lang='lat' dir='ltr'>phaest.</span> <span class='ocrx_word' id='word_1_336' title='bbox 723 3655 783 3708; x_wconf 91' lang='grc' dir='ltr'>Τ.</span> <span class='ocrx_word' id='word_1_337' title='bbox 821 3654 852 3708; x_wconf 92' lang='lat' dir='ltr'>I</span> <span class='ocrx_word' id='word_1_338' title='bbox 885 3671 936 3722; x_wconf 90' lang='lat' dir='ltr'>p.</span> <span class='ocrx_word' id='word_1_339' title='bbox 971 3655 1074 3708; x_wconf 87' lang='lat'>452</span> <span class='ocrx_word' id='word_1_340' title='bbox 1112 3671 1227 3724; x_wconf 86' lang='lat' dir='ltr'>sqq.</span> <span class='ocrx_word' id='word_1_341' title='bbox 1264 3655 1344 3709; x_wconf 90' lang='lat' dir='ltr'>ed.</span> <span class='ocrx_word' id='word_1_342' title='bbox 1366 3670 1470 3709; x_wconf 87' lang='lat' dir='ltr'>sec.</span> <span class='ocrx_word' id='word_1_343' title='bbox 1505 3657 1774 3724; x_wconf 87' lang='lat' dir='ltr'>postremo</span> <span class='ocrx_word' id='word_1_344' title='bbox 1810 3656 1913 3710; x_wconf 90' lang='lat' dir='ltr'>duo</span> <span class='ocrx_word' id='word_1_345' title='bbox 1947 3673 2130 3711; x_wconf 87' lang='lat' dir='ltr'>versus</span> <span class='ocrx_word' id='word_1_346' title='bbox 2165 3656 2236 3711; x_wconf 79' lang='lat' dir='ltr'>Jl.</span> <span class='ocrx_word' id='word_1_347' title='bbox 2258 3653 2333 3720; x_wconf 86' lang='grc' dir='ltr'>ω’,</span> <span class='ocrx_word' id='word_1_348' title='bbox 2370 3658 2437 3710; x_wconf 89' lang='grc'>29</span> <span class='ocrx_word' id='word_1_349' title='bbox 2468 3673 2549 3725; x_wconf 93' lang='lat' dir='ltr'>sq.</span> 
     </span>
     <span class='ocr_line' id='line_1_37' title="bbox 474 3740 2554 3811; baseline 0.001 -18"><span class='ocrx_word' id='word_1_350' title='bbox 474 3741 611 3794; x_wconf 85' lang='lat' dir='ltr'>male</span> <span class='ocrx_word' id='word_1_351' title='bbox 646 3741 950 3810; x_wconf 88' lang='lat' dir='ltr'>suppositos</span> <span class='ocrx_word' id='word_1_352' title='bbox 999 3757 1117 3794; x_wconf 88' lang='lat' dir='ltr'>esse</span> <span class='ocrx_word' id='word_1_353' title='bbox 1150 3740 1257 3794; x_wconf 90' lang='lat' dir='ltr'>alia</span> <span class='ocrx_word' id='word_1_354' title='bbox 1289 3757 1498 3810; x_wconf 87' lang='lat' dir='ltr'>quoque</span> <span class='ocrx_word' id='word_1_355' title='bbox 1541 3746 1851 3810; x_wconf 86' lang='lat' dir='ltr'>argumento</span> <span class='ocrx_word' id='word_1_356' title='bbox 1886 3744 2028 3807; x_wconf 90' lang='lat' dir='ltr'>sunt,</span> <span class='ocrx_word' id='word_1_357' title='bbox 2074 3757 2208 3811; x_wconf 84' lang='lat' dir='ltr'>quae</span> <span class='ocrx_word' id='word_1_358' title='bbox 2252 3741 2343 3794; x_wconf 90' lang='lat' dir='ltr'>hic</span> <span class='ocrx_word' id='word_1_359' title='bbox 2378 3742 2554 3796; x_wconf 82' lang='lat' dir='ltr'>omnia</span> 
     </span>
     <span class='ocr_line' id='line_1_38' title="bbox 474 3826 2552 3896; baseline 0.001 -16"><span class='ocrx_word' id='word_1_360' title='bbox 474 3826 724 3895; x_wconf 89' lang='lat' dir='ltr'>persequi</span> <span class='ocrx_word' id='word_1_361' title='bbox 754 3826 971 3895; x_wconf 87' lang='lat' dir='ltr'>longum</span> <span class='ocrx_word' id='word_1_362' title='bbox 1006 3828 1106 3880; x_wconf 87' lang='lat' dir='ltr'>est.</span> <span class='ocrx_word' id='word_1_363' title='bbox 1176 3827 1391 3881; x_wconf 89' lang='lat' dir='ltr'>interim</span> <span class='ocrx_word' id='word_1_364' title='bbox 1422 3826 1542 3882; x_wconf 86' lang='lat' dir='ltr'>vide</span> <span class='ocrx_word' id='word_1_365' title='bbox 1576 3828 1873 3883; x_wconf 87' lang='lat' dir='ltr'>Prellerum</span> <span class='ocrx_word' id='word_1_366' title='bbox 1908 3828 1999 3884; x_wconf 83' lang='lat' dir='ltr'>Gr.</span> <span class='ocrx_word' id='word_1_367' title='bbox 2034 3826 2365 3896; x_wconf 83' lang='lat' dir='ltr'>Mythologie</span> <span class='ocrx_word' id='word_1_368' title='bbox 2401 3828 2461 3882; x_wconf 88' lang='lat' dir='ltr'>T.</span> <span class='ocrx_word' id='word_1_369' title='bbox 2492 3828 2552 3882; x_wconf 87' lang='grc' dir='ltr'>Π</span> 
     </span>
    </p>

    <p class='ocr_par' dir='ltr' id='par_1_8' title="bbox 478 3995 2551 4156">
     <span class='ocr_line' id='line_1_39' title="bbox 619 3995 2549 4069; baseline -0.001 -15"><span class='ocrx_word' id='word_1_370' title='bbox 619 4000 700 4054; x_wconf 87' lang='grc'>13.</span> <span class='ocrx_word' id='word_1_371' title='bbox 775 3995 911 4064; x_wconf 73' lang='grc' dir='ltr'>αὕτη</span> <span class='ocrx_word' id='word_1_372' title='bbox 950 3997 1063 4053; x_wconf 82' lang='lat' dir='ltr'>Jac.</span> <span class='ocrx_word' id='word_1_373' title='bbox 1103 3996 1396 4054; x_wconf 79' lang='lat' dir='ltr'>Gronovius</span> <span class='ocrx_word' id='word_1_374' title='bbox 1431 4000 1643 4069; x_wconf 88' lang='lat' dir='ltr'>aliique,</span> <span class='ocrx_word' id='word_1_375' title='bbox 1681 3998 1817 4067; x_wconf 76' lang='grc' dir='ltr'>αὐτὴ</span> <span class='ocrx_word' id='word_1_376' title='bbox 1855 3999 1999 4055; x_wconf 90' lang='lat' dir='ltr'>libri.</span> <span class='ocrx_word' id='word_1_377' title='bbox 2140 3997 2267 4053; x_wconf 80' lang='grc' dir='ltr'><strong><em>καθ’</em></strong></span> <span class='ocrx_word' id='word_1_378' title='bbox 2311 3998 2388 4068; x_wconf 79' lang='grc' dir='ltr'>ἓν]</span> <span class='ocrx_word' id='word_1_379' title='bbox 2421 3998 2549 4053; x_wconf 83' lang='grc' dir='ltr'><strong><em>καθ’</em></strong></span> 
     </span>
     <span class='ocr_line' id='line_1_40' title="bbox 478 4081 2551 4156; baseline 0.003 -21"><span class='ocrx_word' id='word_1_380' title='bbox 478 4081 574 4136; x_wconf 75' lang='grc' dir='ltr'>ἕνα</span> <span class='ocrx_word' id='word_1_381' title='bbox 609 4084 673 4138; x_wconf 88' lang='grc' dir='ltr'>Α.</span> <span class='ocrx_word' id='word_1_382' title='bbox 813 4083 1005 4152; x_wconf 83' lang='grc' dir='ltr'><strong><em>μερῶν</em></strong></span> <span class='ocrx_word' id='word_1_383' title='bbox 1036 4084 1129 4137; x_wconf 82' lang='lat' dir='ltr'>BG</span> <span class='ocrx_word' id='word_1_384' title='bbox 1163 4083 1262 4153; x_wconf 77' lang='lat' dir='ltr'>(ita</span> <span class='ocrx_word' id='word_1_385' title='bbox 1296 4084 1360 4152; x_wconf 81' lang='lat' dir='ltr'>C)</span> <span class='ocrx_word' id='word_1_386' title='bbox 1398 4084 1657 4156; x_wconf 71' lang='lat' dir='ltr'>A21D(V),</span> <span class='ocrx_word' id='word_1_387' title='bbox 1690 4085 1921 4155; x_wconf 80' lang='grc' dir='ltr'><strong><em>ἡμερῶν</em></strong></span> <span class='ocrx_word' id='word_1_388' title='bbox 1953 4086 2019 4153; x_wconf 84' lang='grc' dir='ltr'><strong><em>Α,</em></strong></span> <span class='ocrx_word' id='word_1_389' title='bbox 2052 4083 2237 4155; x_wconf 81' lang='grc' dir='ltr'><strong><em>μελῶν</em></strong></span> <span class='ocrx_word' id='word_1_390' title='bbox 2270 4087 2380 4141; x_wconf 79' lang='grc' dir='ltr'>ΩΜ</span> <span class='ocrx_word' id='word_1_391' title='bbox 2415 4090 2472 4141; x_wconf 83' lang='lat' dir='ltr'>et</span> <span class='ocrx_word' id='word_1_392' title='bbox 2503 4106 2551 4141; x_wconf 87' lang='lat' dir='ltr'>v.</span> 
     </span>
    </p>

    <p class='ocr_par' dir='ltr' id='par_1_9' title="bbox 474 4165 2554 4415">
     <span class='ocr_line' id='line_1_41' title="bbox 618 4165 2553 4235; baseline 0.003 -14"><span class='ocrx_word' id='word_1_393' title='bbox 618 4165 672 4221; x_wconf 77' lang='grc' dir='ltr'>δ’</span> <span class='ocrx_word' id='word_1_394' title='bbox 715 4168 928 4227; x_wconf 77' lang='grc' dir='ltr'><strong><em>ἐθέλεις</em></strong></span> <span class='ocrx_word' id='word_1_395' title='bbox 960 4170 1022 4235; x_wconf 91' lang='grc' dir='ltr'><strong><em>Β,</em></strong></span> <span class='ocrx_word' id='word_1_396' title='bbox 1072 4166 1132 4222; x_wconf 77' lang='grc' dir='ltr'>δὲ</span> <span class='ocrx_word' id='word_1_397' title='bbox 1167 4168 1354 4228; x_wconf 78' lang='grc' dir='ltr'><strong><em>θέλεις</em></strong></span> <span class='ocrx_word' id='word_1_398' title='bbox 1384 4171 1689 4230; x_wconf 63' lang='grc' dir='ltr'><strong>ΑΟΞΙΔΩΜ</strong></span> <span class='ocrx_word' id='word_1_399' title='bbox 1724 4177 1779 4228; x_wconf 78' lang='lat' dir='ltr'>et</span> <span class='ocrx_word' id='word_1_400' title='bbox 1811 4191 1859 4228; x_wconf 84' lang='lat' dir='ltr'>v.</span> <span class='ocrx_word' id='word_1_401' title='bbox 2013 4179 2106 4225; x_wconf 82' lang='grc' dir='ltr'><strong><em>καὶ</em></strong></span> <span class='ocrx_word' id='word_1_402' title='bbox 2152 4169 2322 4225; x_wconf 84' lang='grc' dir='ltr'><strong><em>καλὸν</em></strong></span> <span class='ocrx_word' id='word_1_403' title='bbox 2355 4175 2464 4227; x_wconf 84' lang='grc' dir='ltr'>ΩΜ</span> <span class='ocrx_word' id='word_1_404' title='bbox 2497 4175 2553 4226; x_wconf 78' lang='lat' dir='ltr'>et</span> 
     </span>
     <span class='ocr_line' id='line_1_42' title="bbox 476 4254 2554 4326; baseline 0.002 -17"><span class='ocrx_word' id='word_1_405' title='bbox 476 4273 524 4320; x_wconf 88' lang='lat' dir='ltr'>v,</span> <span class='ocrx_word' id='word_1_406' title='bbox 561 4256 655 4309; x_wconf 83' lang='lat' dir='ltr'>sed</span> <span class='ocrx_word' id='word_1_407' title='bbox 689 4274 774 4310; x_wconf 91' lang='lat' dir='ltr'>om</span> <span class='ocrx_word' id='word_1_408' title='bbox 805 4255 1065 4314; x_wconf 56' lang='lat' dir='ltr'>BAGAQI.</span> <span class='ocrx_word' id='word_1_409' title='bbox 1225 4256 1325 4310; x_wconf 78' lang='grc' dir='ltr'><strong><em>οὐκ</em></strong></span> <span class='ocrx_word' id='word_1_410' title='bbox 1363 4254 1473 4311; x_wconf 81' lang='grc' dir='ltr'><strong><em>οἶδ’</em></strong></span> <span class='ocrx_word' id='word_1_411' title='bbox 1517 4260 1577 4311; x_wconf 75' lang='grc' dir='ltr'>εἴ</span> <span class='ocrx_word' id='word_1_412' title='bbox 1599 4259 1710 4326; x_wconf 88' lang='lat' dir='ltr'>AC,</span> <span class='ocrx_word' id='word_1_413' title='bbox 1759 4257 1859 4311; x_wconf 80' lang='grc' dir='ltr'><strong><em>οὒκ</em></strong></span> <span class='ocrx_word' id='word_1_414' title='bbox 1895 4255 2026 4311; x_wconf 80' lang='grc' dir='ltr'><strong><em>οἶδα</em></strong></span> <span class='ocrx_word' id='word_1_415' title='bbox 2062 4259 2122 4312; x_wconf 82' lang='grc' dir='ltr'>εἶ’</span> <span class='ocrx_word' id='word_1_416' title='bbox 2146 4260 2253 4314; x_wconf 83' lang='grc' dir='ltr'>ΩΜ</span> <span class='ocrx_word' id='word_1_417' title='bbox 2287 4262 2344 4313; x_wconf 81' lang='lat' dir='ltr'>et</span> <span class='ocrx_word' id='word_1_418' title='bbox 2376 4275 2464 4313; x_wconf 83' lang='lat' dir='ltr'>sec</span> <span class='ocrx_word' id='word_1_419' title='bbox 2497 4275 2554 4313; x_wconf 90' lang='lat' dir='ltr'>m</span> 
     </span>
     <span class='ocr_line' id='line_1_43' title="bbox 474 4340 2407 4415; baseline 0 -19"><span class='ocrx_word' id='word_1_420' title='bbox 474 4341 539 4406; x_wconf 88' lang='lat' dir='ltr'>B,</span> <span class='ocrx_word' id='word_1_421' title='bbox 576 4343 670 4397; x_wconf 82' lang='lat' dir='ltr'>sed</span> <span class='ocrx_word' id='word_1_422' title='bbox 706 4340 806 4395; x_wconf 82' lang='grc' dir='ltr'><strong><em>οὖκ</em></strong></span> <span class='ocrx_word' id='word_1_423' title='bbox 843 4344 902 4396; x_wconf 78' lang='grc' dir='ltr'>εἶ’</span> <span class='ocrx_word' id='word_1_424' title='bbox 929 4340 1117 4409; x_wconf 61' lang='lat' dir='ltr'>Quot</span> <span class='ocrx_word' id='word_1_425' title='bbox 1147 4345 1360 4415; x_wconf 90' lang='lat' dir='ltr'>prmB.</span> <span class='ocrx_word' id='word_1_426' title='bbox 1500 4344 1602 4398; x_wconf 71' lang='grc' dir='ltr'>τοῦ</span> <span class='ocrx_word' id='word_1_427' title='bbox 1635 4342 1882 4413; x_wconf 76' lang='grc' dir='ltr'><strong><em>κάλλους]</em></strong></span> <span class='ocrx_word' id='word_1_428' title='bbox 1918 4344 2048 4402; x_wconf 79' lang='grc' dir='ltr'><strong><em>τοὺς</em></strong></span> <span class='ocrx_word' id='word_1_429' title='bbox 2078 4341 2308 4402; x_wconf 79' lang='grc' dir='ltr'><strong><em>κάλλους</em></strong></span> <span class='ocrx_word' id='word_1_430' title='bbox 2340 4344 2407 4400; x_wconf 89' lang='grc' dir='ltr'>Α.</span> 
     </span>
    </p>
   </div>
  </div>
 </body>
</html>
