3099 5241
1299 461 1803 520 Pnnns'rmssns,
2401 439 2586 524 cxlx

497 633 1044 719 Thrasymachum
1129 642 1309 704 ratus
1384 640 1771 725 Antiphonti
1851 644 2183 728 aequalem
2260 650 2373 709 aut
2450 664 2584 710 non

497 741 700 806 multo
753 743 1120 808 inferiorem
1176 743 1395 809 fuisse.
1501 746 1968 830 Antiphontem
2033 749 2208 813 haud
2262 749 2456 814 dubie
2510 751 2584 813 ut

497 844 928 912 Ruhnkenius
976 846 1074 911 Ol.
1120 846 1395 932 LXXV,
1442 851 1484 914 2
1541 855 1769 916 natum
1829 871 1968 918 esse
2025 854 2331 919 voluerat.
2420 853 2585 918 Tum
2698 842 2707 851 Χ

496 948 578 1013 Η.
622 970 685 1034 p.
720 953 761 1016 6
808 971 903 1036 sq.
952 951 1030 1016 de
1073 952 1464 1036 reipublicae
1509 954 1879 1022 Platonicae
1923 958 2318 1042 temporibus
2363 958 2584 1042 dispu-

497 1055 677 1137 tavit,
734 1057 849 1139 qui
891 1056 1073 1121 locus
1118 1057 1466 1123 admodum
1508 1059 1801 1125 lubricus
1845 1066 1960 1126 est.
2051 1061 2258 1127 Multa
2304 1082 2470 1147 quae
2512 1064 2583 1126 in

497 1160 597 1224 his
662 1160 844 1225 libris
908 1162 1105 1226 relata
1168 1162 1465 1246 legimuS,
1533 1163 1716 1229 brevi
1781 1171 1928 1231 ante
1988 1187 2184 1251 quam
2243 1167 2586 1232 ederentur

496 1263 661 1328 facta
714 1285 856 1331 esse
899 1266 1218 1352 Bergkius
1266 1267 1492 1352 (Reliq.
1542 1267 1716 1334 Com.
1761 1271 1916 1335 Ant.
1962 1292 2025 1356 p.
2075 1273 2355 1354 82—87)
2413 1277 2585 1337 recte

499 1368 734 1433 docuit.
824 1370 959 1435 Nos
1027 1391 1176 1436 vero
1243 1372 1348 1435 hic
1416 1391 1568 1436 eum
1635 1393 1882 1439 annum
1950 1377 2143 1441 unice
2212 1377 2584 1461 quaerimus

500 1493 628 1558 quo
708 1475 1122 1564 conloquium
1199 1477 1363 1540 illud
1441 1477 1519 1542 de
1587 1479 1826 1562 optima
1891 1479 2169 1544 civitatis
2237 1482 2448 1565 specie
2511 1482 2584 1545 in

496 1577 659 1642 libro
716 1579 752 1643 I
805 1580 1097 1645 habitum
1159 1600 1301 1646 esse
1355 1581 1655 1666 fingatur.
1750 1582 2002 1649 Omisso
2061 1585 2263 1666 igitur
2323 1583 2585 1669 Cephali

498 1687 778 1767 tempore
830 1687 1053 1750 mortis
1109 1690 1182 1750 ut
1239 1686 1439 1750 nimis
1496 1688 1738 1752 incerto
1794 1688 1951 1752 haec
2005 1707 2108 1754 res
2163 1708 2201 1752 a
2257 1688 2582 1754 natalibus

501 1808 706 1872 quum
748 1788 979 1871 Lysiae
1034 1795 1174 1854 tum
1218 1790 1676 1873 Thrasymachi
1734 1795 1866 1856 tota
1917 1792 2048 1857 fere
2107 1811 2421 1878 suspensa
2466 1796 2580 1857 est.

496 1891 665 1957 Nam
720 1899 784 1958 et
840 1894 1025 1958 illum
1080 1895 1290 1959 adhuc
1347 1896 1900 1961 adolescentulum
1956 1896 2139 1961 Plato
2195 1896 2384 1961 nobis
2438 1917 2584 1981 pro·

497 1998 715 2079 posuit
769 2003 832 2062 et
888 1999 1068 2063 hunc
1114 2000 1248 2081 jam
1298 2001 1609 2082 juvenem
1652 2002 1867 2065 virum
1915 2007 1976 2067 et
2021 2022 2170 2066 eum
2216 2001 2582 2086 sophistam.

498 2099 665 2184 Ergo
736 2102 910 2187 quod
978 2103 1088 2166 alii
1152 2103 1330 2167 hunc
1396 2124 1757 2169 sermonem
1823 2106 1905 2170 ad
1966 2104 2062 2169 Ol.
2121 2104 2263 2188 XC,
2330 2105 2438 2168 alii
2505 2105 2587 2168 ad

502 2204 596 2269 Ol.
624 2205 812 2271 XCII
839 2208 1071 2273 referre
1106 2208 1320 2272 conati
1364 2213 1539 2291 sunt,
1585 2211 1905 2274 utrumvis
1951 2214 2308 2294 temporum
2353 2211 2586 2274 rationi

498 2311 761 2374 omnino
818 2312 1209 2378 adversatur.
1303 2311 1620 2388 Quodnisi
1677 2333 1852 2378 unus
1905 2313 2086 2378 locus
2131 2315 2185 2396 (I
2227 2335 2291 2399 p.
2339 2315 2467 2381 329
2513 2313 2582 2395 C)

499 2413 793 2498 obstaret,
848 2415 1124 2501 Bergkio
1181 2417 1242 2499 (l.
1289 2418 1332 2481 1.
1382 2439 1442 2502 p.
1490 2417 1600 2502 81)
1657 2417 1930 2503 aliisque
1987 2419 2109 2482 hoc
2165 2420 2583 2503 conloquium

495 2518 683 2584 facile
738 2522 1055 2586 crederem
1116 2522 1196 2586 ad
1256 2521 1349 2586 Ol.
1394 2521 1776 2605 LXXXIII,
1829 2525 1874 2587 4
1932 2524 2367 2588 revocandum
2424 2541 2582 2587 esse.

496 2625 691 2690 Nunc
735 2626 1059 2710 reliquum
1106 2633 1222 2711 est,
1268 2634 1342 2692 ut
1369 2627 1744 2692 Hermanno
1783 2629 2122 2711 adsentiar,
2170 2631 2284 2713 qui
2314 2629 2582 2712 hujusce

499 2732 810 2795 sermonis
878 2738 1134 2817 tempus
1201 2753 1239 2796 a
1292 2732 1562 2797 Platone
1629 2734 1879 2799 circiter
1940 2734 2034 2798 Ol.
2081 2731 2495 2815 LXXXVII,
2541 2734 2582 2797 3

497 2833 720 2899 fictum
780 2855 918 2901 esse
979 2838 1265 2920 conjecit.
1354 2838 1536 2901 Tunc
1596 2839 1770 2902 enim
1829 2837 2055 2920 Lysias
2113 2841 2332 2921 utpote
2392 2837 2583 2918 (sicut

498 2959 615 3023 ego
652 2941 898 3024 opinor)
932 2940 1027 3005 Ol.
1049 2940 1429 3024 LXXXIII,
1466 2944 1497 3005 1
1545 2947 1738 3006 natus
1783 2962 2101 3006 annorum
2144 2941 2269 3005 fuit
2313 2945 2584 3025 septem·

499 3043 721 3126 decim,
774 3043 1284 3127 Thrasymachus
1339 3051 1554 3110 autem
1610 3046 1805 3130 paulo
1860 3053 2003 3131 post
2047 3046 2374 3111 Socratem
2418 3046 2585 3108 circa

500 3146 598 3211 Ol.
644 3145 957 3231 LXXIX,
1009 3151 1042 3214 l
1112 3149 1323 3213 editus
1390 3170 1705 3214 annorum
1773 3152 2034 3235 triginta
2100 3155 2164 3214 et
2230 3150 2403 3234 quod
2469 3169 2583 3214 ex·

500 3255 715 3316 currit.
840 3253 1010 3317 Illud
1102 3274 1362 3338 quoque
1447 3255 1866 3319 Hermannus
1956 3256 2112 3320 scite
2202 3253 2582 3335 observavit,

497 3357 1042 3440 Thrasymachum
1100 3378 1183 3422 ne
1225 3361 1512 3442 potuisse
1559 3360 1821 3444 quidem
1866 3359 2216 3423 rhetoricae
2262 3358 2583 3422 docendae

500 3463 682 3546 prius
753 3462 959 3527 facere
1030 3463 1289 3527 initium
1307 3513 1323 3545 ,
1399 3484 1595 3548 quam
1665 3463 1761 3528 Ol.
1824 3461 2250 3526 LXXXVIII
2319 3462 2583 3546 Gorgias

498 3567 831 3652 Tisiasque
876 3567 1164 3631 Athenas
1210 3570 1540 3632 venissent
1601 3570 1750 3653 (quo
1795 3573 2078 3651 tempore
2124 3573 2340 3631 noster
2381 3586 2584 3630 anno-

498 3693 645 3737 rum
708 3672 908 3737 fuisse
974 3671 1229 3735 videtur
1292 3693 1489 3756 prope
1555 3672 1716 3755 XL).
1809 3672 1898 3736 At
1964 3673 2179 3756 quivis
2246 3671 2444 3755 videt,
2509 3676 2585 3735 ut

499 3777 664 3843 bene
706 3777 1124 3841 Hermannus
1166 3796 1228 3859 p.
1280 3777 1335 3857 7,
1390 3778 1511 3841 hoc
1554 3779 1871 3860 tempore,
1907 3795 2035 3859 quo
2078 3777 2149 3838 in
2192 3775 2459 3839 Platone
2503 3775 2582 3839 de

493 3882 744 3965 justitia
787 3901 936 3946 cum
982 3879 1234 3944 Socrate
1276 3882 1597 3946 rixantem
1640 3881 1958 3963 videmuS,
2002 3881 2269 3944 minime
2314 3899 2465 3944 eum
2510 3885 2584 3943 ut

497 3988 812 4052 rhetorem
868 3984 1309 4049 introductum
1364 4005 1503 4051 esse
1567 3986 1681 4050 sed
1738 3985 2186 4050 tantummodo
2240 3989 2315 4049 ut
2369 3984 2582 4067 sophi-

502 4097 685 4174 stam,
745 4092 857 4175 qui
916 4089 1344 4173 sophistarum
1388 4095 1556 4155 artes
1592 4092 1728 4173 jam
1772 4091 1931 4153 alios
1978 4089 2230 4153 doceret
2272 4093 2347 4152 ut
2391 4086 2582 4151 Clito-

499 4197 804 4281 phontem
863 4199 927 4259 et
979 4195 1051 4257 in
1104 4193 1369 4260 Platone
1425 4194 1522 4259 De
1578 4194 1735 4277 Rep.
1785 4198 1848 4257 et
1901 4194 1972 4256 in
2027 4193 2271 4257 novitio
2332 4191 2580 4275 dialogo

502 4300 869 4385 cognomini
928 4319 985 4383 p.
1029 4299 1182 4380 406,
1226 4298 1305 4363 A.
1395 4299 1628 4363 Contra
1684 4297 1998 4361 rhetorem
2040 4296 2581 4378 Thrasymachum

501 4406 568 4468 in
615 4404 903 4471 Phaedro
956 4424 1018 4488 p.
1065 4405 1215 4486 267,
1263 4403 1311 4467 C
1369 4403 1547 4467 Plato
1603 4422 1837 4485 magna
1884 4401 2162 4484 quadam
2208 4401 2396 4465 laude
2438 4419 2582 4484 pro-
