3099 5241
1350 452 1629 541 ΧΑΡΩΝ.
2449 489 2530 552 87

444 657 653 734 ποδὸς
700 659 835 726 ἀπὸ
880 667 997 727 τοῦ
1052 660 1415 737 θεσπεσίου
1455 662 1687 747 βηλοῦ,
1741 657 1826 733 ὡς
1868 655 2252 738 ὑποσκάζων
2290 660 2532 747 γέλωτα

444 768 791 852 παρέχοιμι
858 770 962 832 καὶ
1026 765 1224 839 αὐτὸς
1284 769 1616 852 οἰνοχοῶν.
1728 765 1957 831 XAP.
2051 762 2353 848 περιόψει
2415 759 2533 830 οὖν

442 895 531 954 με
577 867 778 945 ἄλλως
821 869 1258 954 πλιινώ,ιιειόν
1305 868 1468 954 ὑπὲρ
1512 878 1656 956 γῆς,
1723 872 1829 934 καὶ
1874 877 2080 935 ταῦτα
2130 876 2383 954 ἑταῖρος
2428 871 2533 934 καὶ

447 972 787 1057 σύμπλους
831 976 938 1041 καὶ
986 973 1447 1059 συνδιάκτορος
1494 972 1628 1053 ὥν,·
1682 976 1716 1013 *
1762 975 1865 1038 καὶ
1908 972 2052 1059 μὴν
2096 976 2299 1048 καλῶς
2343 972 2527 1062 εἶχεν,
2568 986 2673 1040 490

447 1073 494 1143 ὦ
549 1080 771 1153 Μαίας
829 1093 976 1159 παῖ,
1042 1081 1294 1145 ἐκείνων
1353 1086 1515 1167 γοῦν
1579 1104 1650 1144 σε
1693 1086 2112 1163 μεμνῆσθαι,
2180 1079 2279 1143 ’ότι
2322 1079 2534 1163 μηδε-

444 1180 716 1249 πώποτέ
762 1210 833 1251 σε
877 1184 919 1270 ἢ
968 1185 1217 1250 ἀντλεῖν
1264 1186 1557 1249 ἐκέλευσα
1603 1182 1646 1267 ἢ
1681 1180 2081 1268 πρόσκωπον
2122 1182 2321 1249 εἶναι·
2374 1183 2532 1248 ἀλλά

449 1283 530 1352 σὺ
572 1296 702 1372 μὲν
746 1292 985 1378 ῥέγκεις
1030 1289 1140 1355 ἐπὶ
1185 1295 1305 1355 τοῦ
1350 1289 1904 1373 καταστρώματος
1943 1290 2261 1366 ἐκταθεὶς,
2315 1286 2536 1372 οἴμους

448 1393 614 1458 οὕτω
676 1394 1024 1480 καρτεροὺς
1084 1397 1261 1482 ἔχων,
1332 1391 1376 1474 ἢ
1440 1395 1501 1457 εἴ
1548 1418 1696 1458 τινα
1757 1391 1960 1458 λάλον
2020 1391 2253 1477 νεκρόν
2297 1394 2528 1477 εὕροις,

447 1497 662 1584 ἐκείνῳ
708 1499 868 1584 παρ’
914 1499 1070 1564 ὅλον
1113 1498 1231 1565 τὸν
1276 1503 1488 1561 πλοῦν
1535 1496 1794 1586 διαλέγῃ
1821 1519 1834 1534 ·
1887 1495 2002 1586 ἐγώ
2051 1496 2120 1562 δὲ
2165 1496 2535 1584 πρεσβύτης

447 1600 539 1666 ὧν
580 1600 706 1686 τῆν
752 1602 1070 1669 δικωπίαν
1107 1605 1332 1687 ἐρέττω
1369 1598 1606 1687 μόνος.
1704 1597 1858 1665 ἀλλά
1899 1600 2066 1687 πρὸς
2103 1609 2225 1667 τοῦ
2257 1601 2530 1688 πατρὸς,

450 1700 497 1771 ὦ
538 1709 850 1791 φίλτατον
876 1705 1264 1794 Ἑρμάριον,
1314 1705 1411 1792 μή
1460 1706 1820 1795 καταλίπῃς
1864 1732 1973 1791 με,
2025 1703 2419 1794 περιήγησαι
2467 1706 2536 1773 δὲ

447 1884 691 1953 τεταγὼν
723 1882 1057 1940 ΑΟΜΙιΩΩ2
1093 1883 1147 1937 et
1183 1881 1348 1937 schol.
1387 1898 1512 1936 cum
1548 1881 1781 1936 Homero
1817 1880 1886 1935 Jl.
1916 1880 1984 1946 α’,
2015 1886 2133 1949 591,
2171 1881 2263 1935 sed
2301 1880 2539 1952 τετογώς

449 1969 496 2023 Β
533 1972 677 2040 etv,
725 1991 965 2040 τεταγως
1000 1969 1065 2028 ⁸21.
1241 1971 1341 2023 τοῦ
1389 1967 1570 2028 ποδὸς
1618 1986 1707 2024 om
1752 1970 1817 2023 A.
1997 1962 2347 2039 ὑποσκάζων]
2401 1968 2535 2021 ὑπο-

451 2057 725 2120 σκάζοντα
774 2057 882 2116 AC.
1076 2061 1379 2126 παρέχοιμι
1424 2064 1515 2110 καὶ
1569 2056 1735 2115 αι’ντὸς
1769 2056 2002 2116 B³2152522
2038 2059 2093 2110 et
2127 2074 2181 2124 V,
2231 2064 2323 2108 καὶ
2374 2053 2538 2114 αὐτὸς

448 2149 749 2215 παρέχοιμι
785 2146 834 2198 A
869 2144 1033 2200 solus.
1214 2143 1489 2214 σύμπλους
1523 2144 1775 2212 ΒΑΩΩ2,
1825 2142 2100 2209 ξύμπλους
2135 2143 2184 2201 21
2220 2145 2275 2196 et
2309 2159 2362 2195 v.

451 2229 848 2300 συνδιάκτορος
899 2250 954 2301 v,
1022 2231 1418 2301 Ευνδιάκτορος
1480 2230 1883 2290 BAOMQQQ.
2098 2222 2141 2284 ὦ
2202 2236 2371 2299 μαίας
2431 2234 2540 2284 παῖ

450 2317 898 2388 BACML215292,
948 2311 993 2371 ὦ
1034 2324 1145 2373 παῖ
1187 2323 1376 2376 Μαίας
1421 2318 1541 2378 edd.
1580 2321 1711 2373 vett.
1890 2340 1948 2373 σε
1997 2318 2037 2387 ἢ
2085 2317 2302 2373 ἀντλεῖν
2347 2317 2447 2377 BQ
2482 2321 2538 2373 et

450 2423 504 2474 v,
544 2427 602 2459 σε
641 2404 856 2460 ἀντλεῖν
889 2411 1041 2477 ΩΩ2,
1092 2406 1307 2461 ἀντλεῖν
1355 2405 1467 2477 (om
1505 2427 1565 2460 σε
1603 2405 1663 2476 ἢ)
1714 2408 1778 2460 A.
1972 2401 2200 2479 ῥέγκεις]
2248 2409 2454 2479 ῥέγκεις
2488 2409 2537 2461 A

451 2495 506 2547 et
539 2510 667 2549 mox
704 2493 885 2561 ὤμους
931 2511 1026 2565 pro
1075 2492 1272 2563 ὤμους.
1455 2494 1780 2563 καρτεροὺς]
1829 2494 2135 2563 κρατεροὺς
2169 2494 2235 2553 21.
2411 2516 2536 2548 τινα

454 2580 619 2637 ἄλλον
662 2582 811 2642 ΒΑὲΙ
858 2585 913 2637 et
946 2600 1001 2651 v,
1050 2580 1145 2636 τιν’
1190 2580 1355 2636 ἄλλον
1400 2585 1549 2640 ΩΩ2.
1640 2582 1777 2635 τινα
1821 2580 1987 2636 λάλον
2038 2578 2247 2652 egregie
2299 2582 2536 2652 primum

449 2670 723 2725 Brodaeus
767 2671 1087 2725 emendavit.
1268 2668 1466 2739 εὕροις]
1520 2668 1683 2738 ε’ὶῖρης
1717 2669 1825 2723 AC.
2004 2663 2249 2743 διαλέγῃ]
2291 2668 2532 2741 διελίγχη

450 2757 558 2811 AC.
772 2756 1045 2812 δικωπίαν
1095 2757 1295 2822 ἐρέττω
1352 2755 1612 2824 BA21322,
1679 2754 1954 2810 δικωπίαν
2008 2755 2180 2810 ἕλκων
2236 2757 2436 2825 ε’ρέττω
2487 2761 2536 2811 Ω

451 2846 506 2896 et
540 2862 593 2898 v.
667 2843 942 2913 ἑρμάδιον
976 2843 1474 2913 BACMLN9522Y,
1531 2841 1806 2911 ερμαδιον
1841 2843 1892 2901 21
1927 2844 2013 2915 (ut
2047 2843 2183 2898 solet
2214 2843 2273 2897 in
2308 2844 2536 2899 vocibus

451 2930 758 3001 corruptis).
798 2929 1105 3002 Ἑρμῄδιον
1143 2931 1263 2984 edd.
1302 2933 1433 2985 vett.
1498 2930 1809 3000 Ἑρμάδιον
1854 2931 2075 2986 formam
2120 2930 2305 3000 lingua
2351 2948 2537 3001 graeca

449 3034 555 3071 non
590 3019 849 3087 agnoscit.
937 3018 1323 3086 Aristophanes
1361 3016 1655 3089 Ἑρμίδιον
1690 3018 1836 3071 dixit
1882 3019 1941 3071 in
1987 3017 2125 3071 Pace
2161 3036 2213 3072 v.
2250 3024 2353 3077 382
2390 3022 2445 3073 et
2479 3038 2532 3074 v.

453 3110 571 3162 924.
655 3104 785 3159 hinc
834 3104 1013 3159 Solani
1060 3105 1417 3174 conjecturam
1467 3098 1511 3157 οἶ
1565 3128 1621 3175 φ.
1664 3102 1957 3174 Ἑρμίδιον
2003 3104 2244 3175 plerique
2292 3123 2533 3176 compro-

450 3191 645 3246 barunt
678 3192 737 3245 in
771 3192 861 3246 his
896 3192 1363 3247 Hemsterhusius.
1420 3194 1514 3262 qui
1554 3192 1603 3247 si
1638 3194 1757 3246 tum
1792 3192 1932 3246 scire
1968 3194 2250 3261 potuisset,
2287 3193 2345 3246 in
2381 3193 2533 3248 codd.

452 3278 516 3332 ad
555 3295 725 3333 unum
774 3279 1024 3334 omnibus
1074 3277 1349 3347 ἑρμάδιον
1395 3278 1529 3349 legi:
1579 3279 1734 3333 aliter
1781 3278 1998 3333 videtur
2042 3295 2299 3334 sensurus
2346 3280 2533 3335 fuisse.

453 3365 779 3435 scripsisset,
831 3369 895 3420 ut
939 3382 1038 3435 ego
1087 3366 1216 3421 olim
1270 3366 1495 3435 correxi,
1549 3358 1592 3419 ὦ
1652 3365 1920 3437 φίλτατον
1962 3367 2286 3437 Ἐρμοὶριον.
2361 3384 2535 3437 neque

453 3469 581 3508 vero
628 3454 759 3508 haec
808 3455 978 3510 forma
1022 3455 1087 3509 ab
1136 3453 1317 3509 dorico
1350 3455 1558 3523 Ἑρμᾶς
1592 3454 1866 3523 profluxit.
1955 3455 2120 3510 immo
2162 3453 2336 3523 graeci
2379 3455 2535 3509 modo

452 3540 788 3595 deminutiva
817 3540 1084 3606 κυνίδιον,
1126 3540 1392 3605 λιθίδιον,
1434 3540 1723 3605 κλινίδιον,
1766 3539 2021 3596 ι’ππίδιον
2055 3543 2212 3597 modo
2249 3543 2532 3611 κυνάριον,

456 3626 739 3694 λιθάριον,
793 3627 1095 3698 κλινάριον,
1152 3628 1424 3700 ἶππάριον
1458 3630 1816 3699 usurparunt,
1866 3630 2180 3684 observante
2224 3629 2535 3699 Phrynicho

454 3713 513 3767 in
549 3712 746 3783 Ecloga
780 3732 829 3784 p.
870 3721 987 3785 180,
1025 3716 1120 3785 qui
1155 3716 1290 3770 bene
1318 3716 1528 3785 judicat
1565 3716 1961 3771 deminutiones
2009 3716 2069 3770 in
2103 3715 2341 3785 -οἱριον
2376 3732 2535 3786 saepe

455 3816 574 3854 esse
610 3801 776 3856 altera
820 3803 1158 3858 recentiores.
1230 3805 1477 3858 nostrum
1521 3804 1738 3873 quidem
1787 3804 2187 3858 deminutivum
2226 3802 2536 3873 Ἑρμάριον
2606 3821 2615 3830 ·

457 3886 659 3943 diserto
694 3889 1028 3957 grammatici
1052 3890 1362 3945 testimonio
1386 3891 1444 3944 in
1464 3890 1645 3960 Etym.
1665 3889 1738 3944 M.
1758 3907 1809 3960 p.
1833 3897 1950 3960 147,
1967 3896 1998 3949 4
2022 3891 2096 3961 (p.
2121 3895 2237 3958 146,
2258 3896 2327 3949 56
2345 3891 2426 3944 ed.
2449 3891 2535 3961 G.)

454 3976 810 4030 confirmatur.
882 3976 1122 4045 ejusdem
1166 3977 1376 4046 generis
1413 3975 1713 4045 corruptela
1745 3976 1944 4047 legitur
1978 3977 2037 4031 in
2074 3978 2451 4032 Anaxandride
2488 3995 2533 4034 c.

455 4079 536 4131 ap.
574 4063 770 4116 Athen.
800 4062 884 4116 III
920 4080 969 4132 p.
1001 4068 1098 4122 105
1132 4064 1167 4117 f.
1194 4083 1247 4119 v.
1273 4069 1334 4122 3:
1373 4062 1722 4134 ψητταδιόις,
1762 4064 1859 4118 ubi
1894 4065 2195 4119 Lobeckius
2230 4065 2298 4119 ad
2332 4065 2534 4136 Phryn.

455 4166 506 4218 p.
545 4154 614 4209 74
649 4152 705 4203 et
756 4148 813 4203 in
864 4148 1160 4219 Prolegom.
1215 4169 1265 4220 p.
1320 4157 1424 4209 353
1481 4155 1813 4220 ψητταρίοις
1862 4153 1997 4207 bene
2051 4153 2299 4207 correxit.
2390 4155 2537 4208 totus

455 4239 637 4291 autem
659 4237 1055 4292 Anaxandridis
1090 4236 1240 4293 locus
1277 4255 1402 4291 cum
1426 4239 1815 4308 Aristophaneo
1840 4256 1922 4308 ap.
1947 4239 2292 4295 Aristotelem
2315 4240 2534 4295 Rhetor.

455 4323 557 4392 ΠΙ,
588 4329 635 4390 2,
664 4328 731 4382 15
768 4325 1005 4379 ostendit
1039 4325 1273 4380 comicos
1309 4325 1368 4378 in
1404 4325 1759 4380 deminutivis
1795 4343 1903 4382 non
1936 4327 2121 4383 minus
2158 4344 2317 4396 quam
2353 4327 2534 4383 Samo-

457 4412 721 4465 satensem
769 4410 1070 4468 luxuriatos
1118 4428 1252 4468 esse.
1335 4414 1603 4480 praeterea
1648 4414 1708 4467 in
1743 4412 1909 4469 Suida
1953 4414 2130 4469 adhuc
2165 4414 2347 4468 haeret
2382 4418 2535 4483 turpe

350 4493 356 4498 ’
455 4497 684 4554 vitium:
727 4497 1050 4570 Ἑρμάδιον.
1125 4502 1189 4554 τὸ
1247 4502 1343 4554 τοῦ
1388 4501 1619 4571 Ἑρμοῦ.
1707 4501 1912 4572 corrige
1969 4502 2205 4572 ἑρμαῖον
2258 4517 2384 4556 cum
2432 4501 2535 4556 Lo·

3050 966 3054 977 ..
3050 908 3054 953 ..-..
3044 468 3054 885 ..n-ffim—s-..fl—-i-.-.ffl—
