3099 5241
499 394 697 451 XXVI
977 395 1073 449 DE
1126 394 1586 450 FRAGMENTIS
1637 393 2111 449 DEMONAOTIS.

503 593 807 658 magnam
870 573 1193 657 quandam
1250 573 1547 636 lacunam
1605 572 1920 656 permulta
1951 568 2235 636 &Luciani
2278 571 2472 638 verba
2527 576 2589 637 et

504 678 583 743 ad
631 682 990 744 extremum
1049 677 1217 741 hanc
1273 679 1481 762 ipsam
1527 678 1908 741 sententiam
1970 677 2295 742 hausisse:
2360 676 2587 762 [multa

501 803 652 849 vero
720 789 784 847 et
850 783 1169 867 praeclara
1234 780 1645 847 Demonactis
1724 782 1992 846 fuerunt
2058 778 2580 868 ἀποφθέγματα,

504 887 628 952 alia
682 904 902 952 severa
959 892 1022 951 et
1080 891 1257 951 tanto
1317 886 1693 971 philosopho
1762 885 1973 969 digna,
2042 886 2120 950 de
2182 887 2421 971 quibus
2481 887 2587 951 hic

464 992 637 1056 ‘non
683 995 779 1056 est
820 991 1002 1055 loeus
1048 991 1325 1073 dicendi,
1372 991 1496 1055 alia
1532 992 1752 1074 Jocosa
1796 996 1860 1055 et
1902 990 2210 1075 amoena]
2255 987 2587 1074 βούλομαι

505 1094 575 1159 δὲ
635 1092 776 1159 ἔνια
832 1095 1271 1177 πᾳραθέσθαι
1324 1099 1455 1158 τῶν
1500 1090 1817 1181 εὐστόχως
1862 1120 1931 1158 τε
1979 1076 2130 1178 ἅμα.
2167 1095 2275 1157 καὶ
2322 1092 2589 1166 ἀστείως

502 1196 618 1263 ὑπ’
673 1196 880 1263 αὐτοῦ
933 1200 1331 1286 λελεγμένων
1389 1222 1449 1262 κ.
1500 1222 1560 1263 τ.
1614 1203 1669 1263 ἑ.
1790 1199 2083 1265 Ceterum
2125 1204 2208 1279 ,et
2260 1198 2589 1264 Lucianus

507 1305 622 1388 qui
651 1323 834 1370 veros
878 1304 1286 1389 philosophos
1331 1305 1552 1388 magni
1596 1306 1955 1370 aestimaret
1983 1302 2392 1369 Demonaetis
2438 1325 2589 1369 con-

506 1409 851 1474 suetudine
927 1408 1199 1473 libenter
1275 1429 1436 1473 usus
1515 1414 1644 1492 est,
1722 1429 1938 1493 neque
2003 1409 2344 1474 Demonax
2422 1409 2591 1490 (licet

505 1515 708 1578 nimia
749 1514 1273 1598 philosophorum
1301 1515 1598 1578 irrisione
1629 1514 1867 1578 offendi
1908 1515 2147 1601 posset)
2192 1515 2270 1579 ab
2301 1514 2586 1579 Luciano

507 1618 863 1683 abhorruit:
924 1617 1166 1683 solebat
1221 1620 1393 1683 enim
1439 1617 1779 1683 Demonax
1831 1620 1969 1704 ipse
2028 1639 2288 1704 quoque
2346 1619 2447 1702 (ut
2491 1624 2588 1684 est

504 1725 576 1787 in
619 1724 750 1787 Vit.
799 1723 1067 1788 Demon.
1117 1724 1156 1805 ξ
1200 1724 1309 1805 48)
1368 1719 1684 1805 ,μάλιστα
1742 1727 2058 1807 πολεμεῖν
2112 1736 2249 1796 τοῖς
2296 1721 2370 1787 οὗ
2422 1719 2589 1805 «πρὸς

507 1822 829 1910 ἀλήθειαν
887 1823 1041 1890 ἀλλὰ
1099 1825 1266 1908 πρὸς
1322 1826 1618 1900 ἐπίδειξιν
1676 1832 2196 1910 φιλοσοφοῦσιν.
2265 1824 2591 1913 ‘Denique

505 1938 582 1997 ut
638 1932 898 1997 facetias
955 1932 1292 1996 amborum
1352 1933 1457 1997 hic
1513 1934 1822 2012 omittam,
1848 1935 2017 2018 ‚ipsa
2068 1934 2291 2018 religio
2338 1934 2591 1998 videtur

508 2036 918 2102 Demonactis
984 2042 1047 2102 et
1100 2036 1372 2101 Luciani
1433 2039 1620 2121 quasi
1687 2038 2002 2122 quaedam
2061 2039 2291 2123 copula
2356 2039 2588 2102 fuisse:

511 2161 786 2226 quorum
868 2143 1127 2227 utrique
1206 2162 1545 2207 commune
1625 2143 1752 2206 fuit
1833 2143 2302 2227 superstitionis
2370 2142 2590 2206 odium

510 2249 912 2330 acerrimum,
958 2252 1030 2311 ut
1074 2236 1188 2311 vix
1233 2250 1428 2313 statui
1472 2252 1706 2333 posset,
1751 2252 1896 2312 uter
1939 2266 2158 2310 eorum
2202 2246 2470 2310 liberius
2515 2247 2592 2311 de

507 2351 701 2417 rebus
746 2354 1007 2417 sentiret
1051 2352 1307 2416 divinis.
2437 2338 2446 2348 ⁸
