3099 5241
488 375 674 432 XLIV
1308 376 1405 430 DE
1458 376 1761 431 LUCIANI

494 555 675 616 tauro
719 551 825 616 vel
883 572 1032 616 urso
1081 553 1619 638 depugnandum:
1684 554 1854 637 quod
1918 572 2035 637 ego
2097 553 2355 638 (inquit)
2415 553 2578 617 facio

492 656 778 739 quotidie
824 654 884 738 (ὃ
932 654 1050 742 ἐγώ
1101 653 1421 740 ὁσημέραι
1467 651 1776 742 πράττω).
1847 657 2147 741 Denique
2192 657 2273 720 ad
2316 676 2580 720 coenam

490 762 561 823 in
609 759 850 824 Canobi
895 761 1202 826 sacellum
1245 763 1559 825 invitatus
1605 762 1683 825 ab
1729 762 1984 827 Herode
2029 762 2305 845 Agathio
2352 763 2581 846 postri-

492 864 594 928 die
639 884 707 929 se
754 885 887 928 una
943 866 1239 929 futurum
1283 868 1594 950 promisit,
1653 868 1708 931 si
1761 867 1860 930 lac
1914 867 2232 950 ejusmodi
2289 866 2415 929 sibi
2472 887 2580 950 ap-

491 974 854 1053 poneretur,
905 970 1098 1052 ,quod
1142 990 1271 1033 non
1318 972 1557 1035 femina
1603 971 1735 1035 ulla
1778 971 2144 1036 mulsisset‘.
2233 970 2580 1055 Quumque

489 1074 757 1158 tempori
802 1076 1105 1156 venisset,
1165 1074 1328 1139 lacte
1373 1076 1453 1139 ad
1497 1095 1685 1139 nares
1732 1076 1984 1140 admoto
2033 1081 2370 1140 caussatus
2416 1077 2582 1139 olere

488 1177 588 1241 lac
629 1178 906 1242 feminae
950 1198 1215 1241 manum
1274 1178 1431 1267 abiit
1482 1180 1881 1244 incoenatus.
1972 1179 2133 1244 Tum
2194 1179 2351 1243 haec
2408 1179 2583 1242 addit

490 1268 1374 1365 Philostratusz‘ffmomjnoag
1437 1276 1557 1346 οὖν
1621 1280 1654 1346 ὁ
1712 1279 2031 1366 ζ,Ηρώὸης
2092 1289 2178 1367 τῷ
2247 1280 2400 1365 περὶ
2459 1288 2583 1361 «τῆς

490 1383 793 1471 γυναικὸς
849 1382 1009 1472 λόγῳ
1066 1390 1365 1470 &naaman
1429 1392 1492 1460 ἐς
1552 1384 1631 1450 ’τά
1695 1383 1970 1451 ἐπαὺλια
2027 1386 2181 1459 τοὺς
2228 1391 2581 1472 ἐπισκεψο-

490 1490 734 1571 μένους
763 1487 1070 1573 τάληθὲς,
1121 1491 1224 1553 καὶ
1269 1489 1518 1575 μαθών
1567 1489 1725 1555 αὐτὸ
1762 1492 1965 1564 οὕτως
2014 1496 2157 1578 ἔχον
2202 1494 2577 1573 ξυνῆκεν,

494 1591 591 1666 ὡς
652 1593 1055 1677 ὃαιῃιιονιά
1117 1593 1354 1678 φύσις
1415 1600 1535 1675 εἴη
1600 1598 1783 1678 περὶ
1843 1593 1983 1660 τὸν
2043 1594 2333 1679 ἄνδρα.
2444 1595 2582 1680 Ego

491 1719 642 1763 vero
700 1702 905 1784 magis
967 1703 1170 1765 sentio
1228 1722 1378 1766 cum
1421 1701 1784 1766 Wielandio
1843 1701 2173 1784 (Lucian's
2219 1739 2301 1748 -—-·
2347 1700 2582 1765 Werke

493 1803 566 1868 P.
612 1802 715 1867 III
774 1826 839 1889 p.
886 1806 1059 1888 265),
1121 1808 1234 1889 qui
1294 1827 1329 1870 e
1388 1811 1519 1870 tam
1572 1808 1701 1870 acri
1762 1806 1996 1870 olfactu
2041 1826 2168 1870 non
2218 1810 2350 1869 tam
2394 1806 2585 1869 heroa

495 1927 646 1972 eum
690 1910 1012 1974 exstitisse
1058 1911 1394 1993 conclusit,
1454 1929 1650 1994 quam
1705 1912 1878 1974 naris
1938 1912 2139 1975 fuisse
2200 1910 2374 1974 haud
2432 1928 2585 1973 sane

496 2012 723 2077 obesa-e
767 2013 1170 2098 feminasque
1215 2017 1524 2099 sagaciter
1568 2015 1900 2080 odoratum
1958 2035 2115 2080 esse.
2207 2014 2329 2079 Sed
2381 2034 2581 2097 quum

496 2121 680 2180 antea
723 2139 787 2202 p.
835 2118 964 2183 553
1007 2120 1146 2183 init.
1179 2121 1455 2204 Agathio
1502 2119 1941 2184 Marathonem
1988 2119 2110 2183 sibi
2153 2124 2397 2203 patrem
2444 2137 2583 2183 esse

495 2227 831 2304 narrasset,
882 2224 1026 2305 jure
1071 2243 1155 2288 ex
1200 2244 1273 2288 eo
1318 2224 1608 2290 Herodes
1655 2225 1869 2308 (quasi
1914 2224 2279 2305 admirans),
2339 2243 2419 2286 an
2465 2224 2586 2286 im·

496 2326 781 2391 mortalis
813 2333 980 2392 esset
1012 2330 1351 2412 quaesivit,
1395 2329 1465 2392 id
1499 2329 1672 2413 quod
1717 2349 1801 2392 ne
1844 2329 1985 2412 ipse
2018 2328 2280 2411 quidem
2309 2327 2585 2410 Agathio

496 2450 759 2515 prorsus
805 2432 1177 2497 confirmare
1223 2453 1422 2498 ausus
1468 2440 1580 2497 est.
1675 2432 1818 2509 Quo
1877 2433 2080 2516 magis
2138 2434 2352 2514 miror,
2412 2431 2585 2514 quod

497 2534 918 2600 Philostratus
962 2558 1025 2622 p.
1074 2538 1206 2602 554
1248 2538 1359 2601 fin.
1435 2536 1758 2601 Herodem
1801 2540 1871 2601 in
1918 2537 2135 2601 eadem
2185 2536 2453 2620 epistola
2497 2537 2587 2598 ait

499 2640 579 2704 ob
639 2642 953 2705 tantillam
1015 2662 1273 2706 causam
1329 2641 1716 2723 ,damoviav
1761 2638 1981 2725 φύσιν6
2039 2644 2110 2706 in
2155 2643 2587 2726 Agathionem

499 2746 862 2811 contulisse.
951 2748 1253 2812 Attamen
1299 2748 1353 2811 si
1400 2767 1549 2811 vera
1579 2747 2000 2812 Philostratus
2045 2747 2327 2828 tradidit,
2372 2766 2586 2829 neque

501 2870 684 2913 suam
761 2852 968 2934 ipsius
1046 2852 1564 2936 superstitionem
1646 2853 1808 2916 male
1890 2852 2241 2915 contribuit
2305 2850 2583 2915 Herodi:

497 2953 786 3019 Herodes
831 2957 911 3019 ad
956 2962 1315 3021 extremum
1359 2958 1497 3040 ipse
1542 2957 1970 3040 Agathionem
2017 2956 2366 3021 crediderat
2407 2960 2586 3040 patre

499 3065 727 3123 natum
759 3080 897 3125 esse
928 3061 1296 3124 Marathone
1325 3061 1532 3124 heroe.
1613 3060 1904 3126 Ceterum
1938 3081 2053 3146 per
2083 3067 2278 3125 totam
2308 3059 2585 3125 Herodis

501 3164 582 3227 ad
641 3163 683 3227 J
689 3164 982 3229 ulianum
1050 3165 1382 3248 epistolam
1440 3166 1718 3248 Agathio
1786 3165 1864 3229 ab
1928 3165 2185 3230 Herode
2249 3164 2583 3247 ,Herculis‘

499 3269 761 3332 nomine
818 3289 951 3332 non
1009 3270 1214 3352 magis
1268 3289 1563 3353 unquam
1617 3270 1972 3355 appellatus
2031 3276 2162 3334 erat
2209 3290 2404 3354 quam
2453 3269 2584 3352 ,So-

505 3373 737 3436 strati‘:
786 3357 870 3437 ei(
904 3393 1031 3456 quo
1078 3373 1286 3438 elucet
1332 3374 1797 3439 adolescentem
1842 3376 2083 3458 primae
2127 3374 2457 3457 lanuginis
2503 3373 2584 3437 ad

507 3474 840 3559 ,Herculis‘
891 3478 1262 3562 dignitatem
1293 3479 1586 3543 nondum
1617 3485 1911 3544 evectum
1952 3479 2173 3561 fuisse,
2218 3479 2331 3543 sed
2367 3484 2589 3563 postea

505 3582 763 3645 demum
822 3587 998 3647 tanto
1057 3585 1296 3649 honore
1354 3585 1625 3667 dignum
1686 3585 2139 3649 existimatum.
2248 3582 2426 3660 Quae
2485 3602 2587 3647 res

502 3707 669 3751 novo
730 3694 1105 3772 argumento
1161 3694 1277 3770 est,
1335 3709 1454 3753 nos
1512 3710 1576 3773 p.
1624 3689 1754 3753 552
1809 3693 1953 3772 post
2007 3688 2203 3752 verba
2257 3685 2299 3767 ἡ
2349 3682 2589 3767 ἀνδρὸς

497 3796 642 3877 jure
685 3795 1040 3877 meritoque
1072 3794 1180 3857 illa
1212 3798 1358 3857 οἵου
1387 3801 1501 3857 τοῦ
1539 3790 1950 3875 “Ηρακλεόυς
1990 3792 2411 3876 supplevisse,
2460 3810 2588 3875 quo

502 3897 765 3983 probato
823 3897 1283 3963 Philostratum
1351 3903 1609 3983 apparet
1680 3897 2015 3968 ,Herculis‘
2088 3915 2441 3980 cognomen
2509 3895 2588 3959 ab

503 4004 636 4067 solo
693 4008 912 4088 postea
976 4003 1331 4069 Ctesidemo
1391 4004 1733 4067 audivisse.
1849 4002 2013 4066 Nam
2075 4001 2318 4084 alioqui
2375 3999 2589 4065 Philo·

506 4114 740 4173 stratus
788 4128 1141 4193 cognomen
1191 4108 1525 4190 ‚Herculis‘
1576 4128 1707 4170 non
1768 4109 1972 4191 magis
2034 4126 2222 4172 nosse
2276 4110 2589 4191 potuerat,

508 4234 703 4298 quam
745 4233 980 4278 nomen
1026 4215 1244 4297 ipsum
1288 4232 1582 4296 unquam
1627 4213 1808 4275 novit
1856 4211 2173 4293 ,Sosn-ati‘.
2263 4211 2589 4275 Nimirum

504 4318 804 4386 Herculis
865 4336 1216 4404 cognomen
1279 4317 1601 4384 Sostratus
1647 4319 1745 4381 vir
1804 4316 2064 4383 demum
2120 4316 2326 4380 factus
2383 4315 2587 4400 primo
