3099 5241
1192 363 1295 420 AD
1326 361 1731 423 LUCIANUM,
2275 363 2512 421 xxm

425 537 660 621 phanis
742 537 977 617 ,Pluto‘
1044 537 1318 603 conferri
1377 536 1578 621 jussit
1643 536 1922 621 itemque
1986 537 2511 607 Hemsterhusius

426 643 536 725 (Τ.
582 644 618 708 I
659 662 722 725 p.
767 641 895 707 351
942 640 1069 726 L),
1126 659 1250 724 quo
1304 640 1521 724 jndice
1570 632 1991 724 praecipuum
2036 643 2278 728 dialogi
2317 661 2510 728 argu-

424 749 722 813 mentum
779 746 1062 811 indidem
1120 745 1486 815 desumtum
1546 748 1661 813 est.
1769 763 1846 813 ex
1903 764 2027 830 quo
2086 747 2223 829 ipso
2283 749 2513 827 elucet,

425 850 603 915 hunc
624 851 839 916 locum
884 851 964 915 de
1007 849 1250 915 divitiis
1292 868 1421 915 non
1464 848 1823 917 necessario
1867 850 1951 915 ad
1975 850 2310 918 Timonem
2332 869 2513 935 speo-

427 958 591 1021 tare.
679 973 831 1020 nam
875 973 1072 1038 quum
1117 953 1397 1020 comicus
1424 954 1744 1037 duplicem
1769 953 2096 1037 scripserit
2118 951 2511 1032 ,Πλοῦτονς

426 1059 710 1142 priorem
776 1059 887 1142 qui
948 1058 1139 1141 periit
1205 1060 1273 1123 et
1338 1057 1613 1124 alterum
1680 1058 1792 1140 qui
1857 1060 2135 1125 aetatem
2201 1059 2387 1125 tulit:
2446 1060 2515 1124 in

431 1162 780 1246 superstite
824 1163 1172 1241 comoedia,
1217 1179 1411 1246 quam
1456 1162 1776 1229 Lucienus
1820 1162 2028 1229 solam
2080 1163 2390 1243 imitatur,
2434 1183 2514 1230 ne

430 1285 671 1333 nomen
729 1266 987 1350 quidem
1044 1285 1316 1350 usquam
1382 1268 1593 1332 exstat
1647 1265 1957 1333 Timonis.
2065 1270 2134 1333 at
2197 1267 2515 1335 Lucienus

434 1371 597 1437 duas
639 1389 965 1454 personae,
1010 1367 1323 1435 Πλοῦτον
1366 1373 1434 1435 et
1476 1366 1739 1435 Πενίαν
1793 1373 1861 1436 et
1915 1371 2171 1439 omnino
2215 1390 2516 1457 magnam

434 1474 681 1559 dialogi
722 1475 824 1540 sui
866 1478 1117 1557 partem
1163 1493 1237 1542 ex
1278 1473 1608 1558 Aristoph.
1651 1474 1846 1540 Pluto
1885 1493 1943 1540 v.
1964 1474 2316 1541 415—620
2333 1495 2516 1559 repe·

432 1578 565 1658 tiit,
631 1579 727 1643 ita
791 1582 1011 1645 tamen
1075 1581 1151 1644 ut
1215 1578 1374 1644 haec
1441 1595 1692 1661 quoque
1758 1578 1973 1645 omnia
2038 1598 2187 1645 cum
2251 1580 2516 1647 Timone

433 1682 657 1766 aliquo
721 1683 911 1748 modo
978 1682 1309 1765 copularet
1373 1685 1441 1748 et
1508 1685 1938 1750 consentanea
2000 1683 2148 1751 huic
2210 1704 2516 1767 personae

433 1786 577 1870 ipse
620 1786 948 1855 tribueret.
1037 1804 1113 1852 ac
1135 1787 1511 1866 ‚Timonem‘
1555 1787 1626 1853 in
1649 1787 1910 1871 optimis
1932 1787 2202 1855 Luciani
2223 1789 2517 1872 operibus

432 1891 906 1959 numerandum
956 1909 1099 1955 esse
1156 1891 1329 1965 inter
1380 1909 1600 1957 omnes
1645 1893 1914 1971 constat,
1957 1910 2148 1975 quem
2191 1893 2518 1978 dialogum

437 1995 521 2060 ad
580 1995 913 2061 luculenta
965 1994 1346 2078 scriptorum
1412 2013 1789 2079 graecorum
1828 2001 2241 2063 monumenta
2283 1997 2518 2064 referre

434 2118 570 2165 non
635 2098 877 2177 dubito.
965 2100 1150 2166 tanta
1213 2099 1384 2165 enim
1452 2102 1587 2165 arte
1654 2099 2019 2167 elaboratus
2080 2103 2198 2181 est,
2264 2106 2337 2168 ιιι
2389 2120 2520 2169 ιιοιι

437 2204 652 2269 solum
694 2204 819 2269 duo
864 2204 993 2269 loci
1038 2203 1117 2269 de
1160 2203 1448 2269 amicitia
1490 2207 1557 2269 et
1601 2204 1678 2269 de
1723 2204 1986 2284 divitiis,
2041 2224 2263 2272 verum
2324 2207 2518 2274 etiam

437 2308 566 2373 duo
626 2312 934 2391 tempora,
995 2308 1329 2391 antiquum
1374 2308 1660 2374 Timonis
1720 2312 1786 2374 et
1828 2308 2220 2377 Lucianeum
2263 2311 2518 2396 egregie

439 2410 929 2497 conjungantur.
1043 2431 1239 2495 quum
1318 2413 1492 2477 enim
1573 2411 1818 2478 satirici
1892 2412 1978 2479 sit
2057 2432 2242 2480 suam
2317 2413 2518 2498 ipsius

434 2519 724 2583 aetatem
766 2516 1243 2600 reprehendere,
1286 2534 1413 2583 non
1459 2516 1676 2583 omnia
1718 2517 1801 2583 ad
1827 2517 2113 2587 Timonis
2135 2536 2364 2587 aevum
2384 2520 2518 2603 sive

440 2623 524 2687 ad
582 2623 841 2688 initium
898 2620 1059 2688 belli
1116 2622 1567 2705 Peloponnesii
1632 2622 1745 2688 sed
1790 2624 2120 2707 complura
2163 2626 2245 2689 ad
2288 2625 2517 2691 Lucia-

440 2744 656 2807 neum,
701 2730 773 2793 ut
815 2744 1089 2810 persona
1134 2726 1500 2810 Thrasyclis
1543 2726 1904 2811 philosophi
1953 2727 2139 2794 unice
2180 2729 2519 2811 pertinent.

441 2849 606 2915 quae
649 2834 868 2898 tamen
910 2834 1049 2898 tam
1092 2831 1324 2897 callide
1368 2830 1625 2896 obtecta
1669 2836 1838 2911 sunt,
1883 2834 1956 2897 ut
1997 2835 2098 2898 tot
2121 2834 2519 2900 saeculorum

441 2936 787 3002 intervalla
829 2955 911 3001 ne
956 2935 1195 3002 sentiat
1237 2935 1512 3018 quidem,
1557 2935 1683 3000 nisi
1726 2936 1837 3019 qui
1869 2955 2270 3019 summopere
2294 2939 2518 3005 adten-

442 3040 630 3106 derit.
717 3041 925 3125 magis
971 3057 1120 3105 vero
1166 3042 1383 3105 nostro
1431 3039 1686 3123 dialogo
1734 3038 2179 3120 oblectabitur,
2226 3042 2335 3125 qui
2372 3061 2519 3109 cum

443 3161 518 3210 eo
582 3144 924 3210 contulerit
978 3143 1234 3212 Libanii
1290 3160 1485 3225 quam
1544 3161 1737 3225 supra
1781 3143 1908 3212 dixi
1954 3145 2516 3214 declamationem:

455 3244 686 3332 Τίμων
755 3250 918 3331 ἐρῶν
982 3241 1399 3331 Ἀλκιβιάδου
1457 3243 1693 3313 ἑαυτὸν
1748 3248 2208 3338 προσαγγέλλει
2273 3251 2392 3338 (IV
2454 3272 2516 3336 p.

449 3351 842 3438 181—198).
931 3352 1168 3418 fundus
1225 3351 1418 3436 hujus
1479 3353 1964 3422 declamationis
2030 3357 2130 3420 est
2168 3355 2519 3435 Plutarchi,

443 3457 556 3539 qui
623 3457 891 3525 eandem
958 3475 1099 3524 rem
1160 3457 1230 3522 in
1293 3455 1577 3524 Antonio
1638 3476 1690 3524 c.
1738 3458 1824 3522 70
1865 3457 2004 3523 init.
2049 3458 2287 3542 tetigit,
2352 3459 2519 3525 alius

443 3561 625 3627 locus
670 3562 738 3627 in
778 3559 1117 3627 Alcibiade
1161 3579 1214 3628 c.
1267 3562 1345 3627 16
1391 3560 1520 3640 fin„
1566 3559 1677 3626 ubi
1711 3561 1941 3626 Timon
1983 3560 2066 3626 ad
2086 3558 2518 3629 Alcibiadem:

447 3658 515 3729 εἷ
570 3689 646 3752 γε
695 3676 908 3739 ποιεῖς
965 3660 1349 3749 αὐξόμενος,
1411 3658 1460 3729 ὦ
1502 3675 1652 3730 παῖ·
1709 3664 1881 3752 μέγα
1932 3659 2059 3751 γὰρ
2115 3662 2277 3752 αὔξῃ
2320 3659 2522 3732 κακὸν

448 3768 661 3836 ἅπασι
723 3765 1011 3848 τούτοις,
1068 3788 1269 3854 quae
1310 3770 1534 3836 eadem
1600 3769 1733 3836 fere
1801 3769 1949 3836 aliis
2013 3767 2225 3835 verbis
2290 3770 2522 3853 repetit

447 3873 755 3942 Libanius
808 3895 870 3959 p.
935 3875 1095 3942 196:
1156 3867 1303 3940 ἀντὶ
1360 3879 1654 3958 σκηπτοῦ
1710 3894 1890 3947 τινος
1953 3870 2060 3938 καὶ
2123 3877 2357 3959 λοιμοῦ
2413 3873 2521 3940 καὶ

448 3975 641 4054 θείας
686 3977 1073 4064 προσβολῆς
1130 3974 1381 4065 ὄφθητι
1435 3982 1525 4065 τῷ
1568 3980 1702 4043 τῶν
1745 3972 2123 4062 ἀνθρώπιον
2147 3978 2355 4065 γένει·
2406 3973 2522 4045 δι’)-

449 4103 646 4148 mom
707 4079 778 4148 δὲ
835 4079 1101 4167 ἀρκέσαι
1153 4077 1327 4167 πρὸς
1378 4077 1500 4165 τὴν
1575 4079 1879 4168 Τίμωνος
1922 4080 2314 4168 ἐπιθυμίαν.
2408 4083 2523 4149 sed

449 4183 754 4254 Libanius
814 4206 1012 4271 quum
1056 4186 1458 4254 Alcibiadem
1517 4187 1712 4256 sciret
1768 4186 2027 4254 ineunte
2088 4186 2521 4254 adolescentia

452 4295 735 4360 amatum
782 4309 921 4358 esse
939 4310 1006 4378 „a
1048 4291 1305 4362 multis:
1366 4292 1432 4358 id
1475 4293 1646 4375 quod
1687 4292 2070 4360 Plutarchus
2129 4292 2196 4358 in
2238 4290 2519 4360 Antonio
