3099 5241
552 406 701 481 202
1375 438 1816 490 AOYKIANOY

545 604 697 675 τότε
763 605 1205 694 ἀποκερδᾶναι
1268 604 1876 696 παραλογιζόμενον
1938 609 2020 674 τά
2084 615 2453 694 πορθμεῖα.
2560 610 2621 675 2.

548 712 773 781 ΕΡΜ.
846 717 964 779 νῦν
1027 707 1144 779 οὖν
1198 710 1319 801 ἐγώ
1376 712 1797 798 καθεδοῦμαι
1837 710 1918 778 τά
1962 711 2229 780 κάκιστα
2275 710 2624 801 εὐχόμενος

544 817 883 904 γενέσθαι,
946 815 1031 892 ὡς
1090 814 1175 883 ἀν
1219 813 1354 882 ἀπὸ
1398 815 1649 882 τούτων
1694 814 2098 902 ἀπολάβοιμι
2112 844 2138 898 ,-
2204 818 2434 884 ΧΑΡ.
2507 814 2623 882 οὐκ

546 921 722 986 ἔστιν
766 919 987 999 ἄλλως,
1039 916 1087 986 ὦ
1120 919 1360 1006 Ἑρμῆ.
1411 925 1536 987 νῦν
1568 919 1629 985 δ’
1663 918 1884 1009 ὀλίγοι,
1936 919 2019 995 ὡς
2043 919 2221 1006 ὁρᾷς,
2272 919 2623 1006 ἀφικνοῦν-

543 1046 653 1090 ται
709 1021 898 1109 ἡμῖν·
973 1014 1197 1111 εἰρηνη
1256 1021 1404 1113 γάρ.
1501 1025 1728 1092 ΕΡΜ.
1802 1023 2081 1109 ἄμεινον
2126 1026 2351 1101 οὕτως,
2418 1024 2622 1089 εἶκαὶ

542 1125 712 1213 ἡμῖν
768 1126 1228 1214 παρατείνοιτο
1290 1126 1425 1195 ὑπὸ
1486 1134 1604 1195 σοῦ
1651 1126 1725 1194 τό
1775 1127 2064 1214 ὄφλημα.
2158 1126 2333 1213 πλην
2378 1126 2512 1193 ἀλλ’
2562 1131 2625 1193 οἱ

405 1242 511 1299 343
543 1234 674 1317 μὲν
738 1233 1029 1311 παλαιοὶ,
1103 1228 1151 1298 ὦ
1206 1229 1480 1319 Χάρων,
1556 1231 1759 1300 οἶσθα
1829 1230 1956 1299 οἷοι
2009 1233 2506 1321 παρεγίγνοντο,
2576 1231 2622 1274 ÷÷

547 1333 832 1420 ἀνδρεῖοι
889 1336 1199 1415 ἅπαντες,
1273 1342 1557 1423 αἳματος
1612 1335 1911 1424 ἀνάπλεῳ
1969 1337 2077 1402 καὶ
2119 1335 2517 1422 τραυματίαι
2561 1339 2624 1401 οἱ

545 1438 798 1506 πολλοί·
853 1445 969 1504 νῦν
1018 1439 1088 1505 δὲ
1133 1438 1176 1524 ἢ
1221 1437 1541 1530 φαρμάκῳ
1586 1466 1682 1515 τις
1725 1439 1858 1507 ῦπό
1901 1449 2019 1507 τοῦ
2067 1438 2304 1515 παιδὸς
2348 1439 2623 1506 ἀποθα-

543 1540 679 1609 νιόν
736 1541 781 1627 ἢ
840 1541 974 1610 ὗπό
1020 1549 1138 1628 τῆς
1178 1542 1505 1632 γυναικὸς,
1578 1545 1621 1628 ἢ
1668 1543 1803 1611 ὑπὸ
1845 1550 2092 1632 τρυφῆς
2136 1543 2456 1633 ἐξῳδηκώς
2499 1540 2623 1628 τῆν

541 1648 825 1735 γαστέρα
898 1638 1030 1713 καὶΙ
1069 1645 1149 1714 τά
1189 1651 1432 1735 ,σκέλη,
1521 1647 1709 1738 ὠχροὶ
1778 1650 2065 1725 ἅπαντες
2129 1649 2238 1714 καὶ
2305 1645 2616 1737 ἀγεννεῖς,

546 1749 740 1818 οὐδὲν
806 1751 1030 1837 ὅμοιοι
1096 1753 1380 1827 ἐκείνοις.
1475 1757 1539 1818 οἱ
1594 1753 1664 1819 δὲ
1722 1754 2010 1820 πλεῖστοι
2056 1751 2271 1819 αὐτῶν
2317 1750 2421 1818 διά
2466 1749 2620 1841 χρή-

542 1878 728 1940 ματα
813 1856 1087 1941 ἥκουσιν
1174 1853 1704 1942 ἐπιβουλεύοντες
1785 1855 2100 1942 ἀλλήλοις,
2195 1854 2278 1931 ὥς
2350 1854 2614 1922 ἐοίκασι.

545 1960 773 2027 ΧΑΡ.
867 1957 1053 2026 πάνυ
1129 1959 1254 2050 γάρ
1325 1958 1754 2049 περιπόθητά
1822 1965 1955 2027 ἔστι
2019 1966 2248 2027 ταῦτα.
2385 1960 2614 2027 ΕΡΜ.

547 2061 788 2130 οὔκουν
848 2063 994 2130 οὐδ’
1055 2064 1174 2155 ἐγώ
1237 2063 1498 2153 δόξαιμι
1558 2064 1643 2132 ἀν
1686 2062 2094 2153 ἁμαρτάνειν
2135 2070 2375 2151 πικρῶς
2419 2062 2621 2129 ἀπαι-

543 2171 674 2233 τῶν
716 2164 797 2233 τά
846 2165 1241 2256 ὀφειλόμενα
1283 2167 1465 2257 παρά
1514 2177 1657 2237 σοῦ.

544 2410 750 2493 (Β)Αο,
806 2414 1070 2484 πορθμέα
1117 2410 1274 2469 ἩΨΦ
1323 2416 1379 2467 et
1424 2432 1471 2467 v.
1544 2413 1754 2468 codices
1799 2414 1858 2467 in
1903 2413 1965 2467 L.
2036 2413 2205 2481 magis
2255 2410 2622 2465 commendant

541 2500 855 2570 πορθμεῖα,
907 2498 1002 2553 sed
1045 2498 1290 2568 analogia
1334 2498 1556 2554 formam
1598 2498 1864 2568 πόρθμια
1899 2498 2039 2568 (sic).
2113 2498 2292 2554 confer
2326 2498 2617 2555 Valckena-

541 2587 682 2642 rium
716 2587 775 2641 in
808 2586 1034 2665 Dian-ib.
1078 2604 1130 2658 p.
1166 2589 1286 2654 280,
1321 2587 1373 2642 b.

682 2729 731 2782 2.
801 2722 1177 2794 καθεδοῦμαι]
1215 2723 1610 2793 καθευδοῧμαι
1652 2730 1715 2777 Ψ.
1863 2722 1930 2777 ἂν
1961 2743 2045 2780 om
2062 2724 2127 2783 21.
2273 2721 2619 2794 ἀπολάβοιμι

543 2811 768 2875 ΔΟΜΨ,
810 2810 1183 2882 ἀπολάβοιμι;
1220 2811 1371 2870 A2IO
1409 2813 1509 2882 (ita
1546 2811 1633 2880 Ο),
1676 2809 1908 2883 λάβοιμι
1945 2816 2015 2875 Φ,
2058 2809 2399 2880 ἀπολαύοιμι
2433 2832 2480 2868 v.

544 2897 645 2952 οὒκ
694 2898 841 2953 ἔστιν
892 2897 1064 2956 ἄλλως
1095 2900 1259 2955 ΒΑΨ
1286 2903 1341 2954 ot
1375 2919 1422 2967 v,
1478 2898 1579 2953 οὐκ
1628 2899 1837 2952 ἔνεστιν
1885 2896 2058 2956 ὀίλλως
2092 2897 2157 2966 21,
2213 2899 2313 2952 οὐκ
2362 2898 2477 2952 ἔστι
2511 2897 2616 2968 γὰρ

545 2983 717 3044 ἄλλως
736 2990 806 3050 Φ,
848 2985 948 3039 οὔκ
985 2986 1068 3039 ἔτι
1102 2986 1208 3057 γὰρ
1250 2983 1509 3043 ἅλλωςΜ.
1655 2982 1710 3039 δ’
1755 2983 1953 3056 ὀλίγοι]
1996 2982 2055 3039 δὲ
2095 2983 2612 3056 ὀλίγοιΒΑΟὲΙΨΦ.

683 3072 756 3131 ὡς
790 3104 858 3111 —
897 3068 1114 3142 εἶρήνη]
1154 3071 1520 3141 ἀφικνοῦνται
1559 3071 1631 3129 ὥς
1666 3071 1822 3140 ὅρᾷς,
1866 3068 2056 3143 εἰρήνη
2098 3073 2205 3141 (om
2220 3070 2376 3141 ἡμῖν)
2412 3070 2476 3129 21.

544 3155 601 3214 εἶ
627 3166 721 3213 καὶ
755 3158 913 3229 ἡμῖν]
954 3155 1009 3213 εἰ
1037 3162 1136 3212 καί
1165 3179 1268 3227 μοι
1285 3159 1350 3226 21,
1387 3159 1528 3229 quod
1563 3161 1744 3229 probo,
1816 3160 2036 3229 vulgata
2069 3161 2218 3215 nasci
2251 3160 2429 3230 potuit
2463 3176 2492 3213 e
2527 3177 2618 3213 su-

541 3248 773 3318 periore:
813 3245 1180 3316 ἀφικνοῦνται
1213 3245 1364 3316 ἡμῖν.
1526 3245 1633 3299 ὑπὸ
1676 3246 1793 3314 σοῦ]
1846 3245 1957 3300 ἀπὸ
1998 3247 2094 3299 σοῦ
2141 3251 2204 3298 Ψ.
2369 3243 2618 3317 ὄφλημα]

545 3331 829 3402 ὀφείλημα
864 3335 914 3388 D
950 3335 1110 3388 solus,
1272 3324 1316 3385 ὦ
1352 3330 1582 3401 Χάρων,
1637 3331 1834 3405 οἶσθα]
1875 3331 2047 3387 οἶσθα
2086 3324 2132 3386 ὦ
2165 3331 2376 3404 Χάρων
2411 3330 2477 3390 21.

545 3416 678 3487 οἷοι]
700 3416 815 3474 οἷοι
850 3427 944 3474 καὶ
969 3424 1032 3472 Ψ.
1176 3421 1572 3490 παρεγίγνοντο
1609 3421 1868 3484 ΒΑΟΟΦ,
1908 3423 2328 3491 παρεγίγνοιντο
2372 3424 2434 3481 Ψ,
2473 3438 2617 3491 παρ-

546 3509 789 3576 εγίνοντο
839 3504 888 3564 21
937 3511 992 3562 et
1036 3525 1084 3562 v.
1242 3504 1500 3576 ἅπαντες]
1551 3506 1753 3566 πάντες
1799 3506 1865 3565 21.
2022 3503 2276 3574 ἀνάπλεῳ
2326 3508 2440 3572 abc,
2487 3504 2619 3558 ἀνά-

542 3591 692 3647 πλεω
743 3594 877 3648 aliae
913 3594 1029 3649 edd.
1078 3596 1201 3649 ante
1235 3595 1617 3661 Lemannum,
1674 3592 1942 3649 ἀνάπλεοι
1978 3592 2477 3651 ΒΑΟὲῑΨΦἸἾῙῩᾶ.

546 3678 824 3750 φαρμάκῳ
861 3681 959 3750 τις]
1000 3679 1328 3751 φαρμάκων,
1367 3684 1447 3740 τίς
1479 3683 1545 3738 A.
1707 3679 2015 3750 ἐξῳδηκὼς]
2064 3678 2368 3749 ἕξοιδηκὼς
2405 3684 2474 3732 Φ.

545 3767 717 3837 ὠχροὶ
765 3766 1003 3827 ἅπαντες
1048 3774 1141 3822 καὶ
1187 3767 1428 3840 ἀγεννεῖς
1459 3770 1739 3832 ΒΑΟΨΦ,
1799 3768 1969 3840 ὠχροὶ
2013 3767 2235 3826 πάντες·
2280 3766 2520 3838 ἀγεννεῖς
2553 3764 2618 3831 21,

545 3854 837 3927 ὠχροὶγὰρ
878 3854 1114 3914 ἅπαντες
1149 3863 1241 3909 καὶ
1279 3855 1520 3928 ἀγεννεῖς
1540 3857 1805 3913 edd.vett.
1950 3852 2114 3911 οὐδὲν
2135 3853 2328 3924 ὅμοιοι
2351 3852 2619 3922 ἓῙΨΦΝ),

545 3939 678 3996 οῦδὲ
725 3939 921 4012 ὅμοιοι
961 3944 1101 3999 BAO
1138 3947 1193 3999 et
1225 3964 1274 4000 v.
1347 3944 1527 3999 confer
1559 3945 1871 4000 Hermotim.
1911 3947 1994 4000 25.
2068 3943 2236 3998 erravi
2280 3943 2340 3996 in
2374 3941 2614 4009 Quaestt.

542 4032 605 4086 L.
653 4048 705 4101 p.
745 4032 860 4087 115.
1023 4028 1293 4099 ἀλλήλοις,
1352 4030 1425 4089 ὥς
1473 4029 1705 4085 ἐοίκασι.
1783 4029 2068 4100 (ἐοίκασιν.
2120 4029 2172 4098 a)
2221 4032 2396 4082 XAP.
2446 4025 2616 4096 πάνυ]

544 4112 814 4184 ἀλλήλοις.
889 4120 1065 4170 ΧΑΡ.
1107 4116 1341 4171 ἐοίκασι*
1377 4116 1522 4171 πάνυ
1545 4115 1597 4175 21
1632 4119 1793 4184 solus,
1829 4117 1971 4189 quod
2003 4117 2222 4187 vulgata
2254 4134 2362 4171 non
2385 4115 2618 4170 deterius

542 4207 641 4259 est.
713 4204 832 4259 vido
877 4221 992 4259 mea
1037 4205 1103 4259 ad
1137 4205 1203 4260 D.
1239 4205 1399 4260 Mort.
1436 4205 1503 4271 X,
1540 4208 1591 4260 5.
1753 4202 1955 4259 οὔκουν
1989 4204 2196 4259 Bekker
2239 4220 2335 4275 pro
2390 4199 2612 4256 οὐκοῦν.

683 4287 809 4344 οόδ’
846 4291 995 4345 ΒΟΨ
1025 4294 1080 4347 et
1114 4310 1160 4357 v,
1209 4287 1339 4345 οὐδὲ
1375 4289 1548 4349 ΑὲῐΦ.
1711 4289 1778 4345 ὀὲν
1811 4309 1896 4347 om
1933 4289 1997 4350 Ξῖ.
2153 4289 2312 4360 παρὰ
2348 4285 2469 4359 σοῦ]
2508 4287 2614 4342 ὑπὸ

544 4377 644 4432 σοῦ
682 4375 750 4437 21.
