3099 5241
1091 439 1467 490 Nssnmrm
1537 439 1919 493 ΑιΑΛοιυι.
2399 410 2544 484 195

469 605 624 674 ἀλλά
691 606 915 677 πάντα
977 609 1102 694 μία
1168 607 1504 689 Μύκονος,
1589 610 1773 695 φασὶ,
1844 608 2074 695 κρανία
2138 607 2360 699 γυμνὰ
2425 617 2549 678 τοῦ

468 710 754 788 κάλλους.
849 712 1087 780 ΠΟΛ.
1164 711 1246 779 οὐ
1299 710 1584 801 χαλεπὸν
1642 711 1796 779 οὐδὲ
1847 718 2059 780 ταῦτα
2114 716 2323 780 εἰπεῖν
2378 712 2546 800 πρὸς

463 814 619 891 τούς
661 812 895 891 καλοὺς
936 816 1044 882 καὶ
1090 814 1406 922 ζσχυρούς.
1500 818 1565 882 4.
1610 816 1868 884 ΔΙΟΓ.
1921 815 2028 882 καὶ
2069 829 2209 892 τοῖς
2235 818 2537 903 πένησιν,

463 991 769 1047 ΒΑΟΨΦΕ
805 994 862 1046 et
892 1009 941 1057 V,
975 987 1159 1043 πάντα
1191 989 1329 1059 ἡμῖν
1361 993 1465 1058 μία
1499 989 1652 1048 κόνις
1684 992 1824 1053 99„
1881 991 1977 1046 sed
2009 989 2194 1045 πάντα
2227 990 2360 1060 puis
2396 987 2541 1045 οἶκό-

463 1096 557 1135 νος
603 1075 670 1140 21,
729 1094 832 1148 quo
880 1076 1114 1132 nondum
1160 1078 1373 1146 cognito
1420 1075 1605 1130 πάντα
1650 1079 1754 1146 μία
1801 1075 2060 1136 Μύκονος
2105 1079 2542 1134 Hemsterhusins

462 1164 721 1218 restituit.
795 1163 851 1219 et
883 1164 985 1218 hoc
1019 1163 1195 1233 ipsum
1228 1164 1287 1217 in
1323 1164 1436 1218 cod.
1475 1164 1764 1234 archetypo
1782 1164 1955 1219 adhuc
1973 1165 2264 1234 legebatur,
2300 1166 2383 1219 uti
2400 1183 2541 1224 nunc

464 1266 526 1305 ex
561 1247 611 1307 21
645 1250 828 1321 liquet.
901 1266 1025 1304 nam
1059 1253 1382 1305 correctores
1416 1251 1533 1305 loco
1563 1252 1844 1321 proverbii,
1880 1251 2023 1322 quod
2054 1252 2292 1321 ipsorum
2326 1255 2541 1322 captum

462 1338 760 1407 superabat,
807 1336 1135 1407 conjecturas
1183 1337 1455 1392 codicibus
1498 1339 1847 1393 obtruserunt
1891 1337 2024 1393 duas
2060 1354 2254 1408 easque
2288 1338 2538 1405 diversas,

462 1424 642 1478 ambas
676 1427 855 1479 tamen
887 1422 1153 1494 (inprimis
1187 1441 1303 1479 eam
1347 1440 1483 1495 quae
1528 1427 1615 1479 est
1646 1427 1706 1479 in
1741 1422 1814 1493 21)
1850 1424 2100 1479 ductibus
2145 1424 2420 1480 literarum
2452 1442 2538 1481 ar-

462 1509 680 1581 chetypi
724 1513 835 1565 tam
854 1549 863 1558 .
879 1509 1098 1576 similes,
1150 1512 1213 1565 ut
1257 1511 1436 1581 ipsum
1480 1512 1829 1582 archetypum
1875 1528 2017 1566 nunc
2061 1511 2220 1566 facile
2265 1529 2537 1582 agnoscas.

460 1595 593 1651 haec
637 1597 808 1666 igitur
867 1599 978 1651 tam
1027 1599 1175 1652 certa
1225 1600 1437 1668 tamque
1489 1597 1762 1653 luculenta
1813 1598 2189 1653 Hemsterhusi
2241 1599 2537 1655 emendatio

460 1685 715 1753 tanquam
749 1683 1045 1753 exemplum
1090 1683 1245 1739 nobis
1293 1687 1378 1738 est
1409 1685 1698 1755 proposita.
1771 1684 1943 1738 variae
1989 1688 2167 1739 autem
2214 1689 2343 1739 sunt
2375 1686 2536 1757 hujus

457 1769 722 1840 proverbii
766 1769 979 1835 formae,
1032 1786 1139 1824 una
1183 1767 1354 1823 πάνθ’
1397 1770 1501 1823 ὑπὸ
1540 1773 1677 1838 μίαν
1712 1768 1975 1824 Μύκονον
2011 1771 2225 1840 (Strabo
2258 1772 2311 1827 X
2344 1790 2395 1843 p.
2430 1776 2534 1831 487

460 1858 516 1910 et
546 1856 672 1911 inde
706 1855 891 1927 Steph.
939 1857 1069 1926 Byz.
1120 1874 1162 1911 s.
1201 1855 1460 1914 Μύκονος
1504 1875 1558 1927 p.
1595 1860 1698 1913 461
1747 1860 1803 1912 et
1834 1857 2155 1911 Eustathius
2202 1856 2269 1910 ad
2310 1857 2533 1926 Dionys,

458 1961 507 1999 v.
545 1941 688 2011 525),
736 1943 843 1997 alia
890 1940 1110 1996 ἅπαντα
1157 1937 1236 2000 εἰς
1280 1942 1545 1997 Μύκονον
1579 1946 1714 2012 μίαν
1760 1942 2111 2012 (Themistius
2144 1942 2279 1997 XXI
2315 1960 2367 2013 p.
2404 1945 2533 2001 305:

455 2028 532 2097 μὴ
575 2027 980 2101 ξυγχωροῦντας
1030 2031 1240 2099 συγχεῖν
1285 2027 1430 2098 μηδὲ
1469 2028 1781 2100 ξυμφύρειν
1816 2027 2035 2083 ἅπαντα
2072 2026 2259 2098 ὥσπερ
2300 2023 2377 2086 εἰς
2409 2027 2532 2081 Μύ-

457 2134 623 2169 κονον
656 2116 831 2185 μίαν),
869 2117 1031 2171 tertia
1063 2117 1287 2173 Luciani
1320 2117 1503 2170 πάντα
1538 2120 1643 2185 μία
1662 2115 1919 2174 Μύκονος
1953 2116 2064 2170 sive
2098 2114 2167 2184 (v.
2192 2112 2376 2167 πάντα
2410 2114 2532 2168 bre·

455 2202 638 2257 vitatis
676 2219 837 2258 causa
870 2202 1085 2271 omisso)
1131 2205 1233 2271 μία
1269 2202 1528 2261 mnenon
1567 2204 1862 2272 (Plutarch.
1901 2202 2140 2272 Sympos.
2175 2201 2206 2255 Ι
2237 2217 2292 2271 p.
2331 2204 2434 2257 616
2468 2200 2531 2267 B,

457 2288 699 2344 Clemens
736 2290 928 2345 Strom.
967 2290 998 2346 1
1032 2307 1084 2361 p.
1123 2292 1227 2347 355
1264 2291 1307 2346 O
1344 2295 1400 2346 et
1433 2291 1696 2346 Zenobius
1713 2291 1780 2356 V,
1819 2288 1923 2357 17).
1995 2289 2302 2358 plerumque
2337 2285 2394 2341 id
2427 2285 2533 2354 (uti

454 2376 596 2430 bene·
624 2376 816 2431 Strabo
850 2377 886 2432 1.
924 2375 986 2445 1.)
1035 2377 1100 2432 de
1143 2378 1303 2433 rebus
1340 2378 1537 2433 dicitur
1581 2377 1738 2449 plane
1775 2375 2012 2440 diversis,
2066 2391 2200 2445 quae
2234 2372 2531 2443 promiscue

455 2462 636 2516 eodem
671 2466 1045 2532 congeruntur.
1118 2481 1383 2535 quumque
1417 2464 1677 2534 orig-inem
1692 2463 2087 2534 proverbiorum
2100 2462 2305 2515 veteres
2338 2459 2531 2530 cupide

453 2548 728 2615 rimentur,
764 2549 866 2604 hoc
902 2549 1105 2604 dictum
1123 2551 1314 2605 Strabo
1349 2552 1385 2606 1.
1422 2552 1459 2607 1.
1498 2552 1564 2605 ab
1600 2549 1912 2620 gigantibus
1950 2548 2153 2602 derivat
2183 2548 2284 2601 sub
2302 2547 2528 2617 Mycono

454 2636 694 2706 sepultis,
740 2637 1059 2692 Eustathius
1106 2639 1143 2693 1.
1180 2639 1217 2692 1.
1266 2656 1300 2694 a
1344 2639 1795 2703 condemnatione,
1841 2636 2102 2691 Zenobius
2148 2634 2214 2689 ab
2260 2633 2527 2703 Apollinis

454 2722 689 2777 oraculo:
737 2724 831 2794 qui
875 2740 1056 2779 omnes
1103 2724 1168 2780 de
1211 2724 1425 2780 calvitio
1470 2726 1838 2795 Myconiorum
1879 2725 2076 2778 tacent.
2157 2723 2216 2775 at
2258 2720 2526 2776 Lucianus

453 2809 558 2862 alia
601 2810 807 2864 ratione
850 2812 1126 2881 proverbio
1176 2811 1357 2866 eodem
1402 2828 1532 2866 usus
1579 2811 1682 2867 hoc
1725 2811 1906 2882 potius
1952 2808 2094 2864 vult:
2149 2808 2330 2872 ‚unum
2362 2806 2525 2871 noris,

452 2911 630 2950 omnes
663 2897 888 2951 noveris‘
932 2896 1100 2965 (einer
1144 2897 1222 2952 ist
1260 2899 1359 2953 wie
1406 2898 1500 2953 der
1530 2898 1741 2964 andere,
1791 2899 1828 2952 i.
1866 2912 1911 2952 e.
1959 2893 2163 2950 πάντες
2198 2889 2521 2960 φαλακροί).

449 2998 573 3035 nam
618 2982 685 3036 ad
733 2983 1000 3038 calvitiem
1030 2984 1395 3053 Myconiorum
1442 2987 1587 3040 certo
1633 2984 1866 3050 adludit‚,
1906 2985 1972 3037 ut
2013 2983 2165 3052 patet
2209 2979 2370 3033 etiam
2420 2995 2450 3033 e
2483 2978 2521 3033 1.

448 3069 659 3138 gemino
692 3069 758 3124 D.
776 3070 939 3124 Mort.
957 3071 1120 3135 24,2:
1159 3067 1420 3139 φαλακρὰ
1454 3070 1562 3140 γὰρ
1603 3068 1772 3140 ἄμφω
1811 3067 1902 3138 (τὰ
1937 3065 2161 3136 κρανία)
2196 3071 2289 3118 καὶ
2323 3062 2520 3134 γυμνοὶ.

448 3156 529 3209 ita
561 3155 721 3225 hujus
757 3156 889 3211 dicti
924 3159 980 3210 et
1012 3156 1209 3211 formae
1242 3157 1415 3211 variae
1450 3160 1506 3212 et
1537 3174 1668 3212 usus
1703 3156 1810 3211 fuit
1842 3156 2035 3211 varius.
2106 3152 2200 3208 sed
2232 3153 2292 3206 in
2318 3150 2524 3220 origine

450 3241 686 3312 ejusdem
721 3242 1042 3312 explicanda,
1096 3260 1229 3313 quae
1264 3243 1465 3298 variare
1498 3260 1608 3298 non
1641 3242 1834 3314 potuit,
1885 3243 1951 3296 ab
1988 3239 2210 3296 caeteris
2247 3238 2523 3308 scriptori-

447 3329 550 3383 bus
587 3331 698 3383 tam
731 3329 889 3398 longe
924 3328 1195 3395 abhorre0‚
1242 3331 1306 3383 ut
1349 3330 1586 3384 Luciano
1632 3330 1735 3384 soli
1768 3329 2079 3384 adsentiam.
2148 3340 2272 3380 nam
2313 3324 2356 3378 ii
2390 3340 2522 3394 quo-

448 3432 566 3486 que,
602 3415 697 3486 qui
731 3418 787 3470 et
817 3432 903 3470 res
939 3418 996 3470 et
1011 3416 1251 3470 homines
1287 3432 1466 3470 omnes
1502 3415 1685 3471 eodem
1716 3417 1834 3470 loco
1868 3415 2114 3479 habeant,
2149 3412 2259 3466 dici
2295 3414 2525 3481 possunt

447 3501 611 3556 simili
645 3502 800 3556 modo
835 3519 1006 3572 agere,
1053 3518 1115 3556 ac
1151 3503 1199 3557 si
1235 3504 1356 3573 quis
1401 3519 1582 3557 omnes
1627 3503 1875 3557 mortales
1921 3517 2017 3571 pro
2064 3499 2226 3555 calvis
2273 3499 2329 3551 et
2361 3497 2520 3551 meris

445 3588 642 3643 habeat
675 3589 955 3658 Myconiis.
1027 3591 1262 3643 ceterum
1296 3589 1483 3643 dubito
1524 3588 1590 3643 de
1622 3587 1728 3643 fide
1761 3588 1960 3643 Donati
1992 3587 2061 3641 ad
2096 3586 2213 3641 Ter.
2249 3585 2379 3638 Hec.
2414 3583 2521 3649 ΙΠ,

445 3677 497 3740 4,
531 3678 629 3731 26:
667 3674 824 3741 ‚unde
858 3676 1034 3741 etiam,
1069 3675 1262 3746 inquit,
1278 3676 1613 3746 proverbium
1628 3690 1877 3745 graecum
1893 3671 2174 3729 Μυκόνιοι·
2192 3665 2518 3740 φαλακρόσ·.

446 3765 503 3816 at
535 3762 638 3817 hoc
671 3762 1004 3832 proverbium
1038 3779 1300 3833 nusquam
1335 3763 1523 3816 exstat.
1596 3763 1756 3816 immo
1791 3761 2031 3815 Donatus
2066 3760 2146 3813 ita
2179 3758 2410 3813 scribere
2426 3756 2520 3812 de-

444 3849 621 3914 bebat,
656 3851 721 3902 ut
753 3849 789 3903 l.
827 3848 862 3903 1.
902 3848 1092 3904 Strabo
1127 3849 1425 3904 verissime:
1472 3855 1569 3902 καὶ
1601 3846 1731 3905 τοὺς
1768 3842 2087 3915 φαλακροὺς
2123 3842 2186 3899 δέ
2219 3863 2364 3901 τινες
2396 3847 2519 3896 Μοι-

444 3937 663 3992 κσνίους
706 3930 970 3989 καλοῦσιν
1005 3964 1089 3988 -.
1250 3935 1406 4004 φασὶ]
1457 3930 1565 3989 εἶσὶ
1598 3936 1715 4001 UV,
1767 3940 1953 4004 φασὶν,
2007 3927 2112 3987 εἶσὶ
2145 3932 2220 3999 Μ,
2269 3928 2376 3986 εἶσὶ
2411 3933 2520 4003 (su-

445 4037 640 4092 perscr.
664 4021 826 4092 φασὶ)
846 4024 910 4074 Ω.
1060 4020 1122 4074 οὐ
1152 4018 1477 4090 χαλεπὸν-
1497 4016 1693 4090 εἰπεῖν]
1716 4017 1848 4076 οῦδὲ
1881 4019 2048 4075 τοῦτο
2089 4017 2304 4089 ὀκνήσω
2343 4015 2524 4075 εἰπεῖν

446 4105 512 4166 21.
659 4106 723 4161 οὗ
758 4104 999 4176 χαλεπὸν
1031 4137 1102 4147 -
1139 4104 1405 4179 ἰσχυροὺς]
1455 4110 1589 4165 haec
1624 4124 1710 4164 om
1741 4110 1829 4168 Ως.
1978 4106 2109 4166 τοὺς
2141 4104 2358 4177 καλοὺς]
2394 4107 2523 4165 τοὺς

444 4190 643 4252 καλούς
674 4214 735 4248 τε
773 4192 841 4258 Q,
881 4197 1133 4267 speciose.

580 4284 632 4337 4.
702 4283 952 4350 πένησιν,
1012 4270 1057 4335 ὦ
1091 4280 1325 4352 Λάκων]
1372 4285 1574 4351 πένησι
1618 4281 1731 4336 τῶν
1777 4277 2039 4335 λακώνων
2064 4281 2127 4337 F.
2287 4279 2517 4349 Λάκων]

443 4363 615 4421 λακον
648 4366 772 4437 (sic)
808 4366 874 4427 ἢ.
1018 4365 1074 4422 δ’
1117 4363 1223 4423 εἶσὶ
1258 4368 1371 4438 καὶ]
1412 4365 1474 4423 δὲ
1510 4363 1650 4423 εἰσὶν
1684 4367 1794 4437 (om
1825 4368 1941 4438 καὶ)
1976 4366 2044 4426 21.
2183 4364 2306 4437 μήτ’
2347 4361 2519 4436 οἷμώ·

2000 4453 2106 4513 13·
