3099 5241
1287 438 1793 498 PEDESTRIBUS.
2254 442 2580 498 LXXXVII

492 620 761 703 scriptor
825 619 951 684 fuit
1007 619 1368 685 admirabili
1435 638 1820 704 summaque
1880 619 2204 683 doctrinae
2268 620 2453 702 copia
2519 624 2581 684 et

486 725 845 789 rhetoricen
894 724 1231 808 praeclaris
1277 726 1463 788 auxit
1505 725 1805 788 inventis.
1910 722 2008 788 De
2057 742 2183 807 qua
2229 729 2359 787 arte
2404 743 2579 787 unus

492 828 695 894 multo
741 829 972 893 melius
1016 828 1273 893 videtur
1314 830 1586 892 meritus
1631 847 1770 893 esse
1804 846 1999 912 quam
2041 828 2320 900 rhetores
2353 820 2581 892 caeteri

476 932 742 1019 'praeter
784 933 1084 998 Coracem
1130 939 1193 997 et
1235 933 1449 997 Tisian
1496 934 1736 1017 primos
1781 935 1933 996 artis
1976 939 2343 1016 repertores.
2415 930 2579 996 Nam

494 1036 767 1122 Gorgias
832 1057 998 1121 quae
1065 1039 1303 1121 optime
1362 1039 1724 1119 invenerat,
1794 1055 1869 1101 ea
1933 1039 2073 1121 ipse
2136 1037 2292 1100 adeo
2361 1037 2581 1120 depra-

492 1143 686 1223 vavit,
730 1147 806 1206 ut
847 1142 993 1206 aliis
1036 1161 1192 1206 mox
1234 1143 1448 1206 irrisui
1497 1147 1731 1213 essent.
1789 1140 2302 1222 Thrasymachus
2363 1148 2578 1205 autem

494 1246 706 1326 evicit,
772 1251 847 1310 ut
904 1255 1182 1311 oratores
1250 1248 1463 1332 graeci
1523 1247 1921 1330 serioresque
1988 1245 2307 1329 sophistae
2375 1246 2580 1329 ipsius

492 1351 777 1415 inventis
852 1369 970 1435 per
1035 1370 1240 1415 annos
1307 1355 1646 1415 uterentur
1709 1351 1840 1415 fere
1907 1351 2325 1434 octingentos
2456 1348 2580 1413 Sed

494 1474 776 1537 quonam
848 1455 1104 1521 dicendi
1170 1475 1403 1541 genere
1470 1456 1576 1519 hic
1640 1456 1851 1519 rhetor
1916 1459 1979 1519 et
2058 1454 2343 1538 sophista
2419 1473 2580 1518 usus

493 1559 705 1639 fuerit,
751 1559 1051 1646 deinceps
1097 1561 1449 1625 videndum
1496 1567 1610 1624 est.
1704 1558 1921 1637 Quum
1975 1561 2174 1644 igitur
2217 1568 2280 1622 et
2337 1560 2474 1643 ipse
2519 1563 2583 1622 et

496 1662 766 1748 Gorgias
820 1666 1099 1748 primum
1168 1673 1301 1731 arte
1359 1665 1637 1750 quadam
1699 1665 1891 1729 verba
1947 1665 2239 1742 vinciret,
2305 1663 2581 1745 Thrasy-

495 1769 763 1833 machus
806 1772 874 1834 in
921 1770 1257 1835 scribendo
1302 1776 1365 1835 et
1395 1772 1694 1834 concisus
1725 1776 1862 1833 erat
1891 1773 1953 1833 et
1980 1767 2321 1848 rotunduS,
2365 1788 2581 1851 neque

496 1880 573 1936 ut
646 1874 954 1939 Isocrates
1028 1895 1181 1939 mox
1256 1875 1461 1939 facere
1536 1875 1855 1945 instituit,
1946 1873 2294 1937 sententias
2372 1872 2580 1935 verbis

497 1978 739 2043 solebat
783 1979 1061 2044 dilatare.
1167 1978 1312 2043 Hoc
1360 1981 1423 2042 iu
1475 1978 1734 2044 Oratore
1781 1998 1834 2042 c.
1892 1980 1968 2043 13
2014 1977 2094 2041 ab
2138 1976 2344 2039 Tullio
2391 1977 2579 2040 tradi·

495 2089 635 2147 tum
703 2091 800 2147 est
864 2085 1180 2148 constanti
1248 2082 1545 2147 Isocratis
1614 2083 1958 2147 laudatore.
2078 2083 2162 2144 At
2228 2080 2583 2162 Dionysius

494 2186 643 2250 Hal.
712 2187 832 2266 (De
898 2188 1177 2254 Isocrate
1232 2208 1280 2252 c.
1346 2191 1448 2263 12)
1521 2190 1638 2252 hoc
1705 2190 1846 2271 ipso
1917 2188 2174 2249 nomine
2241 2185 2581 2248 Isocratem

498 2290 662 2357 bene
689 2294 1114 2378 reprehendit,
1162 2293 1330 2376 quod
1366 2295 1682 2358 sententia
1717 2293 1982 2356 dictioni
2013 2292 2283 2375 ejusque
2315 2308 2581 2354 numero

498 2397 696 2461 soleat
754 2400 1007 2463 servire.
1116 2397 1345 2462 Eidem
1411 2399 1536 2463 alio
1595 2399 1731 2463 loco
1794 2397 1912 2478 (De
1966 2396 2161 2478 Lysia
2220 2414 2274 2457 c.
2324 2397 2385 2473 6)
2438 2396 2583 2476 jure

497 2502 638 2565 visa
681 2508 777 2566 est
831 2503 988 2568 haec
1041 2504 1185 2587 ipsa
1240 2503 1494 2569 dicendi
1540 2504 1749 2567 virtus
1802 2502 1992 2587 plane
2049 2498 2476 2563 admirabilis:
2538 2494 2580 2579 ἡ

503 2628 948 2687 συστρισμιυυα
1029 2605 1108 2670 «τὰ
1188 2605 1494 2686 νοήματα
1582 2605 1687 2670 zui
1761 2598 2157 2691 στρογγῖιλωμ·
2228 2604 2581 2684 ἕκφέρθυσα

498 2713 674 2782 λέξω.
773 2710 916 2788 Qua
968 2714 1273 2778 facultate
1316 2711 1580 2794 Lysiam
1640 2712 1935 2795 inprimis
1995 2709 2374 2774 excelluisse
2432 2709 2585 2771 dicit

497 2834 710 2901 neque
755 2818 824 2880 in
872 2838 946 2882 eo
990 2818 1249 2883 fallitur.
1342 2817 1465 2882 Sed
1512 2817 1591 2881 de
1634 2818 1838 2901 primo
1870 2822 2128 2879 auctore
2159 2834 2343 2877 suam
2378 2832 2583 2896 quau-

501 2920 649 2985 dam
709 2923 1076 3005 opinionem
1134 2924 1459 3007 proponit:
1527 2914 1601 3000 ἧς
1645 2920 1923 3001 (domet)
1992 2917 2415 3000 Θεσῖᾳραστυς
2461 2939 2584 2996 μιν

499 3048 700 3107 φησιν
746 3024 928 3106 ἄρξω
981 3025 1451 3111 Θραιηῖχυαχον,
1505 3022 1622 3112 ἐγώ
1674 3020 1731 3084 ‹)·'
1772 3022 2059 3110 ιῗγτιύμαι
2100 3024 2356 3086 Avoiav
2387 3059 2470 3070 --
2503 3020 2579 3086 οὗ

498 3153 727 3211 μεντοι
796 3131 1305 3214 ()ἰαρίρίυυύμιυ“
1369 3156 1473 3216 γε..
1569 3125 1885 3207 chonon:
1960 3121 2099 3206 ἦρξε
2168 3134 2285 3205 τῆς
2353 3125 2584 3208 Ἀρετῆς

499 3230 739 3311 ταύτῃ·
769 3273 872 3294 -.
945 3235 1239 3300 Ceterum
1286 3235 1512 3317 Lysias
1549 3255 1679 3299 non
1730 3235 1843 3298 diu
1874 3235 2087 3298 rhetor
2129 3232 2271 3313 fuit,
2314 3231 2586 3312 Thrasy-

500 3340 767 3405 machus
833 3349 1051 3405 autem
1113 3341 1493 3405 rhetoricam
1560 3348 1888 3424 perpetue,
1958 3347 2030 3402 ut
2098 3336 2372 3418 videtur,
2439 3356 2585 3419 pro-

498 3443 708 3508 fessus
752 3452 864 3509 est.
956 3444 1000 3509 J
1005 3463 1118 3509 ure
1160 3446 1360 3528 igitur
1405 3444 1622 3509 Cicero
1668 3446 1735 3507 in
1786 3443 2045 3508 Oratore
2090 3463 2142 3507 c.
2185 3444 2263 3507 13
2310 3451 2373 3505 et
2417 3440 2584 3505 solos

499 3549 781 3613 rhetoras
826 3551 1116 3614 nominat
1158 3548 1354 3631 Lysia
1399 3552 1634 3614 omisso
1680 3556 1744 3614 et
1789 3549 2080 3612 concisae
2138 3546 2585 3629 rotundaeque

503 3653 799 3717 dictionis
841 3654 1098 3720 laudem
1157 3663 1232 3719 ut
1274 3656 1594 3719 inventori
1655 3653 1772 3719 uni
1830 3652 2057 3717 tribuit
2098 3650 2582 3733 Thrasymacho,

504 3757 630 3834 Qui
676 3759 729 3822 si
773 3758 933 3824 forte
977 3762 1168 3824 etiam
1213 3760 1355 3824 aliis
1400 3760 1723 3822 orationes
1755 3760 2011 3842 scripsit
2041 3756 2142 3820 vel
2187 3758 2326 3839 ipse
2357 3773 2585 3818 causas

501 3864 809 3944 actitavit,
851 3871 995 3947 apte
1041 3867 1099 3928 ei
1146 3866 1485 3929 conveniet
1529 3863 1737 3927 virtus
1792 3864 1861 3925 in
1914 3861 2179 3944 judiciis
2234 3859 2584 3924 admodum

499 3969 877 4033 necessaria.
967 3969 1138 4034 Illud
1185 3989 1316 4033 non
1362 3970 1576 4050 miror,
1623 3967 1796 4052 quod
1842 3965 2197 4047 Dionysius
2243 3963 2362 4034 (De
2389 3962 2587 4044 Lysia

504 4092 556 4136 c.
616 4076 678 4152 6)
748 4080 996 4158 praeter
1058 4075 1598 4156 Thrasymachum
1683 4073 1877 4152 huJ‘us
1956 4069 2166 4134 laudis
2247 4069 2585 4153 participes

503 4197 641 4243 esse
697 4178 903 4242 voluit
959 4186 1023 4243 et
1074 4178 1334 4260 Lysiam
1394 4185 1457 4244 et
1500 4177 2020 4255 Demosthenem,
2082 4175 2194 4259 qui
2258 4172 2588 4237 duumviri

503 4281 584 4346 ob
653 4284 979 4348 diversum
1048 4284 1303 4349 dicendi
1382 4303 1590 4368 genus
1658 4281 2040 4366 plerumque
2108 4279 2232 4343 sibi
2307 4277 2586 4342 invicem

503 4395 933 4472 opponuntur.
1021 4387 1188 4453 Nam
1234 4394 1308 4453 ut
1353 4388 1575 4453 multa·
1599 4387 1796 4451 unius
1850 4384 2106 4470 propria
2150 4389 2314 4447 sunt
2356 4380 2589 4464 Lysiae
