3099 5241
1407 437 1664 492 ΤΙΜΩΝ.
2430 408 2574 481 143

494 608 587 697 ἦν
643 613 752 680 καὶ
806 611 849 697 ἡ
914 611 1084 701 αἰγὶς
1138 611 1462 678 ἐπεσείετο
1508 611 1616 676 καὶ
1658 609 1700 695 ἡ
1747 609 1993 698 βροντή
2043 615 2426 700 ἐπαταγεῖτο
2471 611 2580 678 καὶ

496 716 541 802 ἡ
594 714 897 804 ἀστραπή
962 718 1215 804 συνεχὲς
1261 717 1477 802 ὥσπερ
1524 719 1614 790 εἰς
1659 711 2141 802 ἀκροβολισμὸν
2185 715 2581 801 προηκοντί-

496 823 791 901 ζετο·οί
851 820 1110 905 σεισμοι
1169 818 1239 885 δὲ
1298 816 1711 905 κοσκινηδὸν,
1778 820 1887 885 καὶ
1943 817 1986 903 ἡ
2042 816 2189 909 χιὼν
2252 818 2572 905 σωρηδὸν,

495 926 603 991 καὶ
658 923 700 1009 ἡ
761 921 1003 1014 χάλαζα
1057 922 1409 1011 πετρηδόν,
1486 929 1593 989 ἵνα
1655 947 1758 990 σοι
1768 928 2114 1050 φορτικῶς
2159 923 2573 1013 διαλέγωμαι,

496 1027 676 1096 υετοί
729 1055 801 1096 τε
862 1027 1162 1118 ῥαγδαῖοι
1219 1029 1326 1094 και
1368 1028 1596 1115 βίαιοι,
1659 1018 1969 1113 ποταμός
2012 1024 2249 1114 ἑκάστη
2299 1027 2571 1117 σταγών.

497 1135 658 1200 ὥστε
723 1131 1073 1219 τηλικαύτη
1131 1137 1201 1200 ἐν
1258 1131 1485 1216 ἀκαρεῖ
1538 1128 1778 1220 χρόνου
1831 1130 2116 1220 ναυαγία
2184 1136 2226 1176 ⁴*
2295 1133 2401 1198 ἐπὶ
2458 1138 2576 1199 τοῦ
2616 1142 2717 1199 106

496 1237 940 1313 Δευκαλίωνος
985 1238 1259 1327 ἐγένετο,
1312 1235 1397 1311 ὡς
1430 1234 1843 1326 ὑποβρυχίων
1877 1234 2191 1304 ἁπάντων
2222 1235 2580 1304 καταδεδυ-

496 1340 703 1409 κότων
769 1326 976 1431 μόγις
1031 1340 1097 1407 ἕν
1155 1366 1217 1407 τι
1277 1337 1574 1428 κιβώτιον
1635 1347 2090 1427 περισωθῆναι
2149 1343 2580 1428 προσοκεῖλαν

495 1454 582 1534 τῷ
642 1444 963 1533 Λυκωρεῖ,
1038 1443 1339 1532 ζώπυρόν
1401 1471 1463 1511 τι
1525 1451 1644 1511 τοῦ
1715 1444 2145 1532 ἀνθρωπίνου
2204 1447 2581 1533 σπέρματος

499 1548 939 1637 διαφυλάττον
984 1553 1073 1625 εἷς
1117 1546 1431 1640 ἐπιγονὴν
1477 1550 1702 1625 κακίας
1745 1549 2071 1635 μείζονος.
2142 1553 2204 1619 4.
2251 1547 2581 1639 τοιγάρτοι

499 1652 837 1721 ἀκόλουθα
895 1661 1013 1739 τῆς
1072 1653 1412 1741 ῥᾳθυμίας
1464 1653 1804 1743 τάπίχειρα
1847 1654 2082 1742 κομίζῃ
2127 1661 2288 1739 παρ’
2337 1654 2573 1734 αὐτῶν,

498 1758 651 1826 οὔτε
699 1757 993 1834 θύοντος
1052 1762 1146 1825 ἔτι
1202 1758 1310 1825 σοί
1362 1783 1541 1833 τινος
1606 1758 1759 1825 οὔτε
1806 1766 2307 1844 στεφανοῦντος,
2381 1763 2441 1826 εἰ
2478 1754 2576 1846 μὴ

493 1889 590 1940 τις
636 1862 763 1950 ἄρα
808 1859 1143 1951 πάρεργον
1178 1860 1588 1948 Ὀλυμπίων,
1637 1861 1747 1928 καὶ
1794 1856 1986 1938 οὗτος
2032 1862 2113 1929 οὐ
2156 1861 2339 1930 πάνυ
2375 1862 2581 1953 ἀναγ-

496 1981 647 2035 καῖα
705 1981 923 2034 ποιεῖν
984 1967 1214 2046 δοκῶν,
1290 1965 1427 2033 ἀλλ’
1476 1970 1566 2042 εἷς
1611 1970 1772 2042 ἔθος
1814 1993 1877 2034 τι
1922 1965 2187 2057 ἀρχαῖον
2236 1969 2573 2036 συντελῶν.

497 2074 602 2139 καὶ
646 2074 791 2158 μετ’
842 2071 1061 2161 ὀλίγον
1107 2067 1387 2158 Κρόνον
1434 2096 1527 2150 σε,
1595 2065 1642 2138 ὦ
1688 2078 1869 2138 θεῶν
1910 2069 2354 2161 γενναιότατε,
2406 2072 2580 2139 ἀπο-

496 2184 782 2264 φανοῦσι
826 2179 868 2218 θ
912 2174 1385 2262 παρωσάμενοι
1427 2182 1547 2261 τῆς
1591 2182 1808 2262 τιμῆς.
1896 2181 1977 2243 ἐῶ
2023 2178 2248 2266 λέγειν,
2299 2176 2716 2253 ποσάκις“107

496 2280 628 2366 ἤδη
679 2305 800 2349 σου
840 2279 963 2348 τόν
1007 2278 1173 2348 νεῶν
1220 2277 1671 2364 σεσυλήκασιν,
1723 2284 1786 2345 οἱ
1831 2278 1900 2346 δὲ
1944 2281 2051 2346 καὶ
2095 2280 2268 2369 αὐτῷ
2317 2305 2420 2347 σοι
2462 2279 2581 2356 τὰς

497 2399 708 2475 χεῖρας
743 2385 1195 2472 Ὀλυμπίασιν
1237 2382 1718 2475 ἐπιβεβλήκασι.
1792 2384 1900 2450 καὶ
1947 2382 2022 2451 σύ
2069 2383 2103 2451 ὃ
2138 2383 2582 2472 ὑψιβρεμέτης

498 2583 757 2639 tumorem
792 2579 1116 2650 adgnoscere
1148 2595 1321 2650 posse,
1356 2578 1508 2649 eujus
1542 2580 1731 2648 poetae
1765 2576 1856 2632 hio
1891 2578 2146 2634 similisve
2181 2595 2364 2635 versus
2393 2577 2580 2635 fuerit:

500 2663 769 2738 ῥαγδαῖοί
798 2664 855 2720 θ’
897 2665 1066 2729 ὑετοὶ,
1107 2664 1363 2736 σταγόνες
1396 2661 1733 2734 ποταμηδόν
1768 2663 1965 2732 ἑκάστη
1989 2665 2179 2735 (vel—
2199 2666 2455 2737 σταγόνες
2475 2688 2579 2721 πο-

498 2756 762 2822 ταμοῖσιν
799 2752 1033 2822 ὅμοιαι).
1109 2755 1168 2807 111
1200 2755 1352 2808 Verr.
1381 2754 1525 2807 Hist.
1545 2752 1621 2818 Π,
1656 2755 1727 2807 42
1761 2752 1998 2822 ejusdem
2031 2753 2341 2808 Antimaohi
2373 2773 2584 2810 versum

504 2858 613 2895 non
650 2841 735 2910 (ut
770 2841 834 2896 de
852 2842 906 2897 h.
923 2842 959 2895 1.
997 2838 1223 2910 conjeci)
1259 2840 1493 2894 solutum
1526 2839 1623 2893 sed
1655 2840 1924 2908 integrum
1958 2840 2177 2895 ludibrii
2211 2857 2370 2897 cauea
2401 2845 2583 2897 noster

499 2928 710 2982 adtulit.
870 2925 929 2980 ἐν
976 2925 1180 2995 ἀκαρεῖ
1220 2925 1421 2996 χρόνου
1457 2926 1655 2981 ΡΒΑΩ
1690 2929 1746 2980 et
1777 2945 1825 2991 v,
1881 2925 1938 2979 ἐν
1986 2924 2189 2997 ἀκαρεῖ
2229 2927 2408 2996 χρόνω
2463 2932 2576 2992 ΨΟ,

500 3014 679 3070 affice.
836 3010 1223 3082 προσωκεῗλαν
1257 3017 1318 3066 0.
1481 3009 1719 3080 λυκώρει
1750 3012 1817 3068 A.
1984 3012 2260 3084 ζώπυρόν]
2310 3015 2413 3070 1100
2460 3032 2583 3071 cum

503 3101 757 3171 proximis
793 3102 872 3155 ita
904 3100 1078 3156 adfert
1113 3102 1341 3156 Thomas
1375 3101 1449 3155 M.
1483 3118 1536 3171 p.
1577 3103 1694 3166 167,
1728 3103 1764 3154 3
1799 3100 2091 3155 seeundum
2124 3100 2358 3157 codices:
2397 3101 2579 3165 ζώπυ-
2629 3173 2635 3179 .

502 3206 605 3257 ρον
649 3187 749 3240 τοῦ
801 3186 1163 3258 ἀνθρωπείου
1199 3191 1404 3256 γένους.
1488 3187 1801 3241 meminerat
1845 3188 2113 3242 Lucianus
2166 3189 2272 3243 loci
2315 3190 2583 3244 Platonici

498 3275 788 3329 multorum
833 3276 1130 3330 imitatione
1178 3275 1431 3329 celebrati
1476 3274 1541 3328 de
1590 3274 1787 3329 diluvio
1833 3275 1915 3329 De
1949 3275 2114 3344 Legg.
2148 3276 2239 3330 m
2279 3294 2331 3347 p.
2367 3280 2485 3343 677,
2520 3277 2581 3331 b:

503 3362 708 3432 σμικρὰ
760 3361 991 3429 ζώπυρα
1037 3361 1136 3415 τοῦ
1181 3361 1294 3415 τῶν
1340 3359 1662 3431 ἀνθρώπων
1711 3358 2128 3430 διασεσωσμένοι
2171 3366 2374 3434 γένους.
2447 3364 2583 3418 bene

502 3449 731 3504 Thomas
766 3450 803 3504 l.
841 3450 877 3503 l.
919 3445 1113 3518 εἴληφε
1166 3445 1226 3502 δὲ
1260 3448 1427 3502 τοῦτο
1467 3447 1526 3501 ἐκ
1561 3447 1662 3502 τοῦ
1698 3445 1999 3504 Πλάτωνος
2032 3479 2118 3502 -.
2194 3451 2403 3505 0111111110
2440 3451 2583 3506 Τ110-

500 3553 614 3590 mas
649 3536 845 3605 legisse
883 3536 1056 3590 adhuc
1088 3536 1300 3591 videtur
1335 3536 1540 3590 scholia
1573 3536 1641 3590 ad
1674 3536 1968 3590 Lucianum
2001 3536 2160 3591 hodie
2194 3535 2483 3607 deperdita.

639 3626 691 3680 4.
767 3620 1056 3676 ἀκόλουθα
1090 3624 1227 3678 male
1262 3623 1404 3678 delet
1438 3623 1672 3679 Cobetus
1706 3625 1774 3678 V.
1794 3624 1856 3678 L.
1892 3641 1945 3693 p.
1966 3626 2085 3679 295.
2223 3623 2292 3676 τὰ
2331 3623 2583 3693 ἐπίχειρα

500 3709 597 3778 τῆς
632 3708 915 3779 ῥαθυμίας
954 3714 1017 3764 0.
1164 3710 1247 3763 ἔτι
1295 3729 1386 3763 σοι
1420 3727 1504 3765 0111
1546 3715 1608 3766 Ψ.
1748 3707 1864 3778 μετ’
1917 3706 2101 3779 ὀλίγον
2146 3710 2379 3766 Cobetms
2414 3713 2482 3767 V.
2517 3712 2580 3767 L.

499 3813 552 3866 p.
588 3798 708 3853 222.
778 3796 907 3851 libri
941 3794 1055 3850 κατ’
1098 3794 1299 3867 ὀλίγον.
1444 3795 1669 3868 Κρόνον
1704 3795 1788 3865 σε]
1825 3816 1884 3850 σε
1921 3796 2126 3866 κρόνον
2143 3798 2208 3853 R.
2356 3788 2401 3850 ὦ
2427 3797 2584 3851 θεῶν

500 3883 665 3953 γενν.]
702 3882 824 3938 vide
857 3900 974 3939 mea
1000 3885 1069 3940 ad
1086 3884 1347 3953 Gallum§
1369 3887 1451 3941 19.
1596 3882 1978 3953 ἀποφαίνουσι
2011 3884 2153 3939 libri.
2226 3881 2584 3952 ἀποφανοῦσι

501 3970 648 4039 prior
696 3969 896 4025 Cobeto
940 3972 1006 4026 V.
1042 3971 1103 4027 L.
1141 3989 1194 4042 p.
1229 3973 1334 4027 222
1383 3971 1628 4027 Struvius
1662 3972 1724 4026 L.
1762 3973 1824 4026 L.
1872 3989 1926 4041 p.
1964 3973 2084 4038 220,
2144 3972 2238 4041 qui
2281 3971 2417 4026 illud
2464 3970 2577 4025 κατ’

504 4052 690 4127 ὀλίγον
726 4058 953 4113 servavit
994 4058 1138 4113 haud
1175 4058 1334 4114 dubie
1378 4059 1600 4114 invitus,
1673 4058 1740 4113 of.
1776 4075 1894 4113 mea
1936 4058 1997 4112 in
2030 4058 2270 4124 Quaestt.
2305 4059 2368 4114 L.
2404 4077 2457 4130 p.
2495 4063 2582 4116 66.

640 4141 1052 4213 παρωσάμενόν
1090 4165 1149 4199 σε
1184 4144 1282 4214 τῆς
1304 4149 1366 4199 Ο.
1489 4142 1743 4203 -ποσάκις
1757 4144 2071 4209 ΡΒΑΟΨΩ,
2113 4143 2378 4204 ὁποσάκις
2393 4165 2442 4202 v.

501 4294 611 4367 ἤδη
653 4317 751 4352 σου
787 4299 985 4355 ΑΩΡΒ
1019 4303 1076 4355 et
1108 4320 1156 4368 v,
1201 4297 1310 4369 ἤδη
1353 4320 1445 4354 σοι
1482 4306 1546 4365 Ψ,
1606 4320 1697 4354 σοι
1729 4298 1840 4371 ἤδη
1883 4305 1948 4355 0.
2056 4233 2248 4356 τόῖῗέςδὲ
2281 4307 2332 4355 Ψ
2362 4320 2392 4356 0
2425 4301 2583 4357 80110-

502 4384 591 4440 110.
742 4383 1106 4458 Ὀλυμπίασιν
1152 4387 1279 4443 011111
1323 4388 1447 4443 dedi
1487 4406 1584 4459 pro
1610 4385 1997 4457 Ὀλυμπιάσιν.
2155 4387 2586 4461 ἐπιβεβλήκασιν
