3099 5241
528 358 672 430 102
1349 388 1776 439 AornANm‘

1473 594 1648 660 VIII.

787 730 868 796 Π
871 730 1326 798 ΟΣΕΙΔΩΝ
1328 732 1455 798 ΟΣ
1512 731 1712 796 ΚΑΙ
1771 731 1971 800 ΔΕΑ
1980 730 2338 798 ΦΙΝΩΝ.

697 872 750 937 1.
812 868 1035 936 ΠΟΣ.
1102 865 1209 936 Εὖ
1251 896 1346 958 γε,
1398 863 1802 954 ὦΔελφῑνες,
1854 869 1952 935 ὅτι
1997 868 2096 934 ἀεὶ
2140 866 2601 955 φιλάνθρωποί

520 976 682 1038 ἐστε.
780 972 886 1037 καὶ
951 970 1156 1040 πάλαι
1212 978 1338 1060 μὲν
1399 972 1476 1038 τὸ
1543 979 1663 1057 τῆς
1699 971 1907 1047 ’Ῑνοῦς
1972 972 2239 1039 παιδίον
2308 972 2594 1040 ἐπὶτόν

512 1074 799 1163 Ἰσθμὸν
857 1077 1202 1163 ἐκομίσατε
1258 1074 1739 1162 ὑποδεξάμενοι
1794 1073 1928 1141 ἀπὸ
1987 1083 2118 1143 τῶν
2160 1076 2598 1162 Σκειρωνίδων

382 1201 485 1255 308
518 1177 686 1265 μετὰ
732 1187 849 1264 τῆς
892 1180 938 1223 ’³⁵
979 1179 1232 1267 μητρὸς
1277 1179 1594 1268 ἐμπεσόν·
1645 1182 1751 1246 καὶ
1795 1187 1919 1247 νῦν
1966 1178 2047 1246 σύ
2074 1178 2193 1248 τὸν
2224 1180 2598 1268 κιθαρῳδὸν

520 1354 707 1419 sidere,
744 1355 854 1420 ‚ubi
889 1356 1048 1410 etiam
1081 1357 1294 1410 minime
1324 1357 1443 1425 quis
1472 1356 1804 1425 suspicetur‘.
1948 1353 2177 1422 ἄμεινον
2214 1354 2421 1412 ἐκεῖνος
2447 1354 2598 1413 Bw

459 1509 462 1513 Δ
522 1444 577 1495 et
609 1460 656 1506 v,
693 1439 900 1497 ἐκεῖνος
935 1438 1165 1510 ἄμεινον
1201 1443 1363 1497 CMF.
1522 1441 1593 1494 τὰ
1630 1444 1879 1511 πρακτέα
1912 1440 2011 1499 BQ
2047 1445 2103 1496 et
2135 1462 2183 1509 v,
2218 1442 2281 1495 τὸ
2319 1446 2598 1513 πρακτέον

521 1528 734 1583 ΟΩΜΕ.

609 1644 617 1650 ·
1479 1624 1635 1677 VIII.

658 1727 831 1782 Multa
865 1744 998 1797 quae
1031 1727 1196 1781 habet
1229 1728 1496 1781 Lucianus
1545 1728 1706 1781 etiam
1752 1729 1818 1781 ab
1854 1728 2160 1782 rhetoribus
2195 1731 2408 1782 narrata
2441 1730 2594 1782 sunt:

521 1831 655 1884 quae
691 1832 852 1884 quum
886 1814 1061 1883 legere
1094 1814 1182 1868 vix
1216 1813 1377 1867 liceat
1408 1814 1525 1868 sine
1559 1831 1770 1880 nausea,
1817 1815 1947 1869 haec
1982 1817 2165 1869 nostra
2199 1832 2322 1869 cum
2353 1815 2488 1868 mira
2519 1816 2596 1869 le-

519 1902 694 1970 gimus
728 1901 1015 1971 voluptate.
1086 1902 1165 1955 ita
1196 1901 1411 1954 meliore
1455 1900 1570 1954 loco
1606 1902 1875 1956 Lucianus
1923 1901 2044 1966 fuit,
2090 1902 2184 1971 qui
2225 1902 2290 1954 ab
2326 1902 2597 1955 rhetorum

521 1987 734 2041 officina
755 1989 814 2041 in
839 1989 1156 2057 palaestram
1174 1987 1451 2041 transierit
1467 1987 1819 2043 satiricorum.
1874 2005 2117 2058 compara
2133 2004 2255 2041 cum
2271 1988 2336 2041 D.
2357 1989 2488 2042 Mar.
2508 1988 2597 2041 ΙΠ

519 2072 823 2141 languidam
855 2075 1210 2128 narrationem
1244 2073 1459 2127 Libanii
1494 2074 1553 2127 Τ.
1571 2074 1653 2127 IV
1686 2091 1737 2143 Ρ.
1760 2077 1895 2131 1108
1930 2080 2063 2142 περὶ
2091 2071 2351 2141 Ἀλφειοῦ
2391 2077 2446 2127 et
2479 2090 2598 2127 cum

519 2161 584 2214 D.
620 2159 752 2213 Mar.
789 2152 882 2214 IV'
902 2160 1151 2228 frigidam
1186 2161 1236 2215 J.
1256 2159 1493 2214 Pollucis
1529 2160 1758 2214 rhetoris
1797 2161 2228 2214 declamationem
2263 2160 2344 2225 ‚de
2370 2161 2596 2226 Proteo‘,

520 2261 653 2315 quae
699 2263 732 2299 a
774 2246 1102 2301 Philostrato
1145 2247 1205 2299 in
1237 2247 1348 2300 Vit.
1389 2246 1548 2316 Soph.
1587 2247 1662 2311 II,
1703 2250 1768 2302 12
1813 2248 2010 2317 partim
2058 2249 2262 2301 servata
2306 2249 2404 2300 est.
2476 2262 2597 2299 cum

519 2334 702 2385 nostro
737 2331 964 2401 denique
999 2333 1207 2402 dialogo
1254 2349 1496 2403 compara
1543 2333 1777 2402 ejusdem
1823 2334 2122 2401 argumenti
2167 2334 2432 2387 minutum
2474 2329 2595 2399 διή-

518 2437 667 2488 γημα
719 2435 800 2487 ap.
836 2419 1119 2474 Libanium
1152 2421 1233 2475 IV
1265 2437 1318 2489 p.
1361 2422 1494 2475 1107
1532 2421 1583 2473 R
1634 2423 1690 2473 et
1740 2436 1861 2474 vero
1912 2422 1985 2474 M.
2031 2420 2265 2474 Cornelii
2309 2420 2594 2473 Frontonis

521 2505 801 2570 ,Arionem‘
846 2522 898 2574 p.
934 2508 1037 2562 223
1075 2522 1190 2575 sqq.
1239 2506 1320 2560 ed.
1369 2508 1518 2560 Rom.
1560 2505 1691 2574 (sive
1733 2523 1785 2576 p.
1824 2510 1925 2563 237
1964 2505 2140 2575 Nab.)‚
2189 2506 2281 2560 ubi
2325 2506 2597 2575 pigmenta

521 2590 779 2661 ejusmodi
811 2591 1013 2659 insunt,
1048 2593 1134 2647 vix
1168 2594 1231 2646 ut
1263 2591 1327 2647 A.
1366 2591 1597 2648 Gellium
1629 2592 1777 2659 XVI,
1817 2596 1882 2649 19
1918 2593 2195 2663 superarit,
2248 2593 2342 2662 qui
2386 2592 2595 2662 planius

520 2677 779 2731 Herodoti
811 2678 856 2743 I,
892 2681 960 2733 23
993 2679 1199 2732 institit
1229 2679 1490 2747 vestigiis.
1566 2682 1800 2733 ceterum
1819 2680 2022 2736 Gellius
2040 2679 2286 2749 magistri
2322 2680 2410 2733 sui
2426 2679 2595 2745 ,Ario-

522 2765 656 2817 nem‘
693 2767 837 2818 certo
871 2764 1087 2833 legerat,
1122 2768 1186 2818 ut
1219 2766 1497 2835 utriusque
1532 2766 1676 2819 locos
1710 2766 1846 2820 bene
1881 2765 2172 2820 conferenti
2193 2766 2415 2836 patebit.
2487 2765 2596 2820 vel-

521 2853 585 2904 ut
627 2850 686 2903 in
718 2851 984 2905 Frontone
1027 2868 1078 2920 p.
1114 2853 1218 2907 237
1255 2868 1376 2905 cum
1404 2851 1713 2906 Heindorfio
1748 2852 2086 2906 scribendum
2122 2869 2237 2906 esse
2273 2868 2471 2917 ,navem
2504 2868 2596 2906 au-

524 2936 705 2990 dacter
738 2953 795 2990 re
827 2937 967 2991 bona
999 2938 1224 2992 maxima
1257 2937 1393 3006 (cod.
1427 2937 1671 3007 maxime)
1707 2939 1903 2992 onerat‘
1940 2937 2095 2992 docet
2129 2939 2288 2992 etiam
2318 2937 2479 2994 Gellii
2513 2937 2596 3005 §7

525 3022 780 3076 imitatioz
826 3023 1032 3091 ‚grandi
1065 3024 1293 3093 pecunia
1337 3027 1393 3079 et
1424 3041 1482 3078 re
1516 3025 1656 3079 bona
1687 3024 1856 3078 multa
1894 3025 2170 3094 copiosus‘.
2241 3023 2335 3078 sed
2371 3024 2458 3078 cui
2492 3040 2597 3078 non

527 3109 702 3163 dictus
737 3111 851 3162 erat
883 3109 977 3164 ille
1012 3110 1169 3174 ,inter
1200 3111 1493 3180 Delphinas
1527 3110 1709 3165 Arion‘
1724 3110 1753 3164 ἰ)
1787 3111 1879 3180 qui
1915 3111 2020 3164 etsi
2052 3110 2223 3179 magis
2257 3110 2496 3165 minusve
2530 3111 2596 3164 ab

456 3184 477 3205 ⁸
521 3195 789 3249 Herodoto
822 3196 868 3261 Ι,
904 3198 972 3251 23
1006 3195 1233 3265 pendere
1269 3213 1448 3250 omnes
1481 3196 1744 3261 videntur,
1791 3213 1897 3251 non
1932 3212 2111 3251 omnes
2145 3200 2325 3251 tamen
2358 3196 2596 3251 Herodo-

519 3284 636 3334 tum
671 3281 736 3335 de
769 3281 1034 3336 industria
1064 3281 1376 3350 relegerant,
1430 3282 1524 3337 sed
1557 3283 1754 3352 partim
1786 3283 2036 3337 memoria
2076 3283 2263 3337 confisi
2298 3283 2424 3337 olim
2458 3282 2599 3337 lecta

520 3367 868 3421 meminerant
901 3368 1150 3422 obscure:
1202 3368 1343 3423 unde
1377 3369 1441 3422 ab
1479 3369 1744 3422 communi
1776 3368 1924 3423 fonte
1956 3369 2069 3423 leve
2105 3368 2366 3438 quoddam
2398 3368 2597 3422 factum

522 3456 608 3508 est
639 3453 938 3509 divortium.
1011 3471 1196 3509 navem
1231 3455 1372 3508 enim
1404 3454 1635 3519 ArioniS‚
1671 3471 1829 3524 quam
1863 3454 2165 3510 Herodotus
2201 3457 2258 3509 et
2290 3455 2384 3508 alii
2410 3444 2596 3510 Corin-

521 3540 679 3594 thum
708 3542 890 3609 petere
930 3528 1221 3609 jusserunt,
1270 3540 1487 3595 eandem
1521 3541 1789 3595 Lucianus
1839 3544 1894 3595 et
1939 3541 2032 3595 alii
2077 3540 2294 3611 quidam
2341 3539 2596 3595 Corintho

519 3625 761 3681 fecerunt
795 3626 951 3681 exire.
1021 3626 1149 3680 hinc
1183 3627 1344 3682 miros
1380 3627 1576 3681 fluctus
1611 3628 1671 3681 in
1704 3627 1930 3697 simpulo
1966 3627 2214 3682 excitavit
2247 3627 2413 3680 schol.
2448 3626 2495 3680 B
2530 3625 2597 3679 ad

523 3712 576 3767 h.
614 3713 650 3767 l.
701 3711 776 3783 (p.
826 3711 943 3782 63):
994 3711 1154 3780 παρὰ
1200 3711 1270 3765 τὰ
1316 3711 1446 3782 παρ’
1487 3709 1779 3782 Ἡροδότῳ
1828 3720 1921 3765 καὶ
1962 3715 2082 3770 τοῖς
2131 3710 2347 3770 λοιποῖς
2392 3710 2599 3764 ἅπασιν

525 3797 895 3868 ἱστορούμενα
928 3805 1063 3867 περὶ
1092 3796 1372 3869 Ἀρείονος
1404 3800 1475 3852 τὰ
1509 3798 1767 3869 παρόντα
1802 3828 1871 3837 —
1907 3798 2024 3868 (ubi
2056 3801 2286 3869 corrige:
2321 3798 2464 3866 μετὰ
2498 3818 2596 3867 με·

522 3883 703 3955 γάλων
736 3883 990 3940 πλούτων
1023 3885 1137 3939 τῶν
1180 3886 1266 3940 vel
1297 3885 1440 3953 μετὰ
1474 3882 1716 3955 μεγάλου
1750 3882 1992 3938 πλούτου
2027 3885 2126 3938 τοῦ
2158 3885 2267 3955 ·-).
2337 3886 2599 3941 enimvero

522 3972 704 4028 fabula
744 3974 852 4027 ista
898 3973 962 4027 de
1009 3972 1256 4042 delphine
1302 3972 1518 4028 Arionis
1568 3989 1733 4042 aequo
1768 3973 1942 4026 animo
1989 3988 2166 4027 carere
2199 3972 2400 4039 liceret,
2451 3973 2500 4027 si
2535 3972 2600 4026 de

523 4061 640 4130 ipso
674 4058 871 4113 Arione
907 4059 1233 4128 dithyrambi
1265 4060 1537 4115 inventore
1584 4059 1738 4129 plura
1772 4059 1947 4113 edocti
1979 4076 2231 4114 essemus.
2304 4059 2369 4113 de
2403 4058 2599 4127 hymno

525 4162 680 4217 quem
712 4145 967 4200 Aelianus
1000 4146 1082 4199 De
1116 4146 1184 4199 N.
1222 4145 1286 4200 A.
1323 4147 1450 4212 XII,
1484 4148 1555 4203 45
1590 4147 1697 4216 ipsi
1730 4145 1921 4201 Arioni
1965 4146 2172 4212 tribuit,
2217 4146 2350 4199 mire
2393 4144 2602 4198 fallitur

380 4236 410 4263 ⁹
523 4232 780 4288 Lehrsius
828 4231 980 4301 (Pop.
1015 4231 1168 4286 Aufs.
1214 4250 1267 4301 p.
1306 4231 1449 4301 204).
1522 4234 1579 4288 in
1614 4250 1718 4303 quo
1754 4233 1950 4302 hymno
1986 4249 2147 4302 quum
2182 4231 2428 4301 glyconei
2467 4247 2599 4300 quo-

525 4337 628 4390 que
668 4319 841 4374 insint
884 4318 1359 4388 polyschematisti,
1416 4319 1692 4391 Euripidis
1746 4319 1994 4374 deliciae:
2057 4318 2303 4389 sequitur
2344 4317 2601 4387 hymnum
