3099 5241
530 417 689 475 LXII
1346 416 1442 471 DE
1494 414 1800 471 LUCIANI

532 595 747 680 pedita
803 594 1174 678 quaestione
1233 592 1536 657 omnibus
1595 592 1786 676 longe
1839 590 2147 674 fugienda
2203 591 2303 653 sit.
2396 589 2618 653 Sciens

534 704 747 764 autem
793 699 950 763 alios
998 697 1309 782 quosdam
1357 698 1600 779 omitto,
1661 697 1774 781 qui
1820 695 1898 759 ab
1947 694 2179 759 Solane
2237 694 2484 778 decepti
2540 693 2618 757 de

532 803 595 869 N
596 804 1036 885 ecyomantiae
1081 803 1382 886 scriptore
1428 807 1489 864 et
1547 802 1672 885 ipsi
1720 800 1911 864 verbo
1960 798 2359 878 dubitarunt,
2415 797 2618 885 yeluti

536 908 610 972 G.
667 907 1062 972 Wetzlarum
1130 904 1248 985 (De
1316 911 1517 970 aetate
1586 909 1649 968 et
1713 905 1846 968 vita
1900 903 2054 968 Luc.
2117 924 2177 988 p.
2239 904 2362 982 26).
2472 901 2618 965 Non

533 1032 799 1097 possum
864 1017 1120 1093 tamen,
1190 1012 1349 1094 quin
1419 1010 1497 1073 de
1564 1008 1666 1072 Fr.
1734 1008 2069 1090 Jacobsio,
2135 1009 2274 1071 viro
2343 1007 2617 1090 egregie,

533 1116 845 1181 corollarii
907 1116 1046 1180 loco
1115 1115 1360 1198 aliquid
1427 1115 1719 1178 adiciam.
1828 1111 1955 1189 Qui
2021 1112 2117 1194 (in
2175 1113 2470 1197 Append.
2541 1111 2619 1175 ad

534 1221 799 1286 Porsen.
837 1220 1105 1284 AdverS.
1145 1240 1208 1303 p.
1244 1220 1370 1285 288
1419 1240 1474 1283 a.
1504 1219 1699 1303 1814)
1745 1221 1808 1282 et
1854 1217 2180 1300 dialogum
2223 1222 2620 1281 mortuorum

533 1324 737 1391 XXum
772 1324 1274 1405 Necyomantiae
1305 1329 1680 1407 argumento
1714 1329 1786 1386 ut
1816 1327 2000 1407 putat
2030 1321 2303 1386 similem
2333 1319 2620 1385 Luciano

535 1430 804 1494 minime
850 1429 1120 1512 dignum
1166 1447 1305 1493 esse
1350 1431 1440 1493 ait
1484 1428 1596 1493 sed
1632 1448 1715 1492 ex
1746 1429 1886 1511 ejus
1917 1427 2167 1490 laciniis
2199 1425 2278 1490 ab
2310 1426 2620 1489 imitatore

537 1535 985 1618 compositum,
1036 1552 1250 1616 neque
1296 1533 1580 1618 dialogos
1626 1537 2022 1596 mortuorum
2066 1528 2304 1594 XXVI.
2352 1528 2617 1592 XXVII.

533 1637 818 1702 XXVIII
883 1639 1078 1719 hujus
1145 1638 1470 1721 scriptoris
1538 1656 1699 1718 esse,
1767 1656 1897 1700 non
1967 1638 2174 1719 magis
2242 1653 2316 1697 ac
2373 1633 2621 1714 Necyo-

534 1743 861 1809 mantiam.
955 1740 1198 1817 Quodsi
1258 1741 1390 1804 sola
1448 1743 1826 1825 repetitione
1888 1741 2169 1804 offensus
2216 1743 2332 1821 est,
2402 1738 2622 1803 debuit

539 1853 649 1912 aut
696 1848 888 1912 sicuti
933 1846 1212 1910 Solanus
1255 1846 1405 1910 fecit
1450 1866 1646 1909 unam
1678 1845 1740 1909 N
1743 1846 2208 1927 ecyomantiam
2255 1848 2367 1908 aut
2412 1863 2620 1907 umun

539 1952 865 2035 dialogum
909 1957 1090 2014 mort.
1137 1950 1266 2014 XX
1313 1950 1392 2013 ab
1437 1948 1723 2013 Luciano
1771 1950 2152 2032 abjudicare,
2197 1968 2330 2011 non
2380 1953 2621 2012 utrum-

539 2077 696 2141 que:
769 2076 897 2139 quo
954 2056 1119 2120 facto
1172 2055 1281 2119 ille
1325 2053 1614 2117 Luciano
1660 2073 1741 2119 ne
1788 2073 1861 2118 ea
1910 2054 2167 2137 quidem
2217 2073 2382 2136 quae
2429 2053 2623 2118 semel

540 2161 775 2224 diceret
830 2160 1109 2243 reliquit.
1199 2158 1364 2222 Tum
1427 2159 1503 2222 de
1547 2158 1977 2222 imitatoribus
2021 2156 2292 2221 Luciani
2337 2177 2419 2222 ne
2463 2156 2624 2221 Din-

539 2264 778 2329 dorfius
847 2264 1106 2347 quidem
1174 2282 1383 2347 nuper
1451 2263 1553 2343 (ad
1608 2261 1871 2327 Lucian.
1919 2262 2042 2326 vol.
2089 2261 2120 2325 Ι
2181 2282 2241 2346 p.
2289 2261 2407 2344 IX)
2470 2263 2621 2327 satis

536 2375 704 2434 recte
749 2370 986 2433 statuit.
1077 2367 1337 2431 Primus
1383 2373 1598 2431 autem
1644 2367 1919 2431 Solanus
1966 2367 2070 2449 (ad
2112 2366 2173 2430 N
2177 2385 2419 2446 ecyom.
2468 2386 2521 2429 c.
2558 2367 2622 2450 1)

537 2475 740 2539 multo
808 2477 954 2537 ante
1010 2471 1450 2537 Wielandium
1516 2471 1609 2553 (T.
1666 2471 1728 2535 11
1793 2492 1855 2556 p.
1904 2472 2053 2552 331)
2123 2474 2185 2535 et
2252 2476 2398 2535 ante
2463 2470 2625 2534 Leh-

537 2598 853 2644 mannum
913 2577 1015 2660 (ad
1060 2576 1213 2642 Nec.
1263 2595 1315 2640 c.
1367 2577 1399 2641 l
1451 2576 1611 2657 init.)
1677 2576 2091 2659 ,imitatorem‘
2152 2576 2368 2640 nescio
2432 2595 2623 2661 quem

537 2683 809 2749 Luciani
877 2683 1199 2747 exstitisse
1265 2680 1479 2763 finxit,
1551 2682 1665 2764 qui
1723 2682 1815 2746 eis
1875 2680 1936 2745 N
1940 2682 2407 2762 ecyomantiam
2475 2699 2625 2744 con-

539 2790 870 2872 scripsisse
934 2788 1204 2851 videtur.
1295 2786 1525 2850 Postea
1592 2787 1648 2848 is
1719 2788 1832 2869 qui
1888 2785 2327 2849 Wielandium
2396 2787 2625 2851 diserte

537 2894 857 2974 nominat,
939 2891 1004 2955 O.
1073 2888 1149 2954 Β.
1217 2889 1461 2954 Hasius
1527 2892 1623 2973 (in
1690 2889 2036 2954 Notices
2103 2896 2181 2956 et
2245 2891 2626 2955 Extraits

538 2999 663 3062 vol.
710 2999 749 3063 9
806 3016 867 3080 p.
918 2997 1042 3061 128
1103 3017 1157 3059 a.
1210 2996 1400 3071 1813)
1469 2994 1547 3057 ab
1615 2994 2043 3059 imitatoribus
2098 2994 2368 3059 Luciani
2436 3014 2626 3080 opera

540 3102 898 3167 adulterina
943 3100 1097 3163 dicit
1141 3100 1420 3183 profecta
1465 3116 1623 3180 esse,
1682 3103 1757 3162 ut
1807 3099 2264 3181 ,Halcyonem‘.
2355 3100 2446 3163 At
2488 3105 2626 3163 tan-

539 3211 682 3269 tum
726 3204 924 3287 abest,
990 3209 1065 3268 ut
1109 3223 1299 3287 opera
1341 3204 1464 3266 ista
1505 3204 1934 3267 imitatoribus
1982 3203 2199 3268 deberi
2242 3207 2509 3289 possint,
2553 3207 2628 3266 ut

540 3308 883 3374 Lucianeis
929 3310 1060 3373 sint
1105 3308 1551 3390 dissimillima,
1609 3309 1790 3373 velut
1841 3308 1948 3372 ille
2002 3310 2139 3392 ipse
2172 3305 2484 3384 Ἀλκυὼν,
2557 3309 2627 3371 in

545 3433 672 3499 quo
719 3413 967 3497 dialogo
1010 3432 1111 3478 res
1141 3412 1428 3477 Luciano
1472 3414 1704 3495 invisa,
1749 3414 2288 3497 metamorphoses
2334 3413 2628 3478 defensae

544 3523 715 3584 sunt.
806 3518 953 3582 Uno
1014 3538 1183 3583 anno
1242 3523 1386 3603 post
1442 3519 1722 3583 imitator
1773 3520 1893 3584 iste
1938 3517 2210 3583 Luciani
2270 3517 2347 3581 ab
2395 3516 2628 3581 Solano

543 3629 932 3710 procreatuS,
999 3624 1272 3688 eductus
1327 3622 1407 3687 ab
1468 3622 1671 3687 Hasio
1724 3626 1857 3707 jam
1915 3624 2271 3706 coniectore
2328 3621 2627 3686 Jacobsio

543 3729 700 3793 adeo
757 3747 825 3793 se
879 3728 1095 3792 virum
1147 3729 1484 3812 praestitit,
1552 3734 1627 3792 ut
1679 3730 1818 3813 ipse
1876 3734 1939 3791 et
1980 3727 2510 3809 Necyomantiam
2568 3737 2630 3790 et

547 3838 819 3918 quatuor
886 3833 1043 3897 alios
1112 3832 1393 3915 dialogos
1457 3853 1787 3918 procreare
1853 3837 2084 3916 posset.
2189 3831 2415 3916 Nuper
2479 3851 2629 3896 vero

546 3938 843 4021 ,Toxaris‘
907 3938 1127 4002 eodem
1188 3938 1382 4002 modo
1443 3943 1636 4003 natus
1692 3942 1804 4021 est,
1871 3957 2102 4020 nempe
2147 3936 2227 4000 ab
2278 3937 2626 4019 ,imitatore‘

545 4041 852 4125 Luciani,
918 4043 974 4106 si
1039 4042 1230 4106 modo
1296 4041 1393 4106 Js.
1459 4042 1948 4126 Guttentagium
2016 4041 2156 4125 (,De
2223 4041 2478 4106 subdito
2545 4078 2627 4088 —-

546 4146 873 4211 Toxaride‘
936 4167 997 4231 p.
1042 4147 1128 4211 35
1185 4146 1352 4231 sqq.)
1420 4146 1629 4210 solum
1697 4148 1940 4212 audias.
2049 4147 2139 4210 At
2203 4147 2378 4210 enim
2442 4164 2629 4210 veros

545 4250 816 4315 Luciani
858 4252 1208 4316 imitatores
1253 4251 1556 4316 novimus
1601 4252 2009 4336 potissimum
2052 4251 2470 4333 Byzantinos,
2517 4251 2631 4334 qui

547 4356 628 4420 ad
682 4356 848 4421 hanc
905 4375 1163 4420 causam
1221 4355 1487 4420 minime
1547 4358 1886 4439 pertinent.
1979 4356 2141 4434 Quis
2198 4355 2370 4420 enim
2425 4360 2633 4439 potest
