3099 5241
706 435 830 502 128
953 426 966 447 ⁹
1520 380 1979 487 ΛοτκίΛΝον
2040 396 2057 415 “

704 605 972 691 ἑταίραν
1059 603 1186 691 τὴν
1274 603 1702 695 Μεγαρόθεν.
1832 607 2061 673 ΕΡΜ.
2181 602 2403 672 οὖτοιῒ
2481 603 2803 689 πλησίον.

706 711 1021 778 ΚΛΩΘ.
1116 718 1247 776 ποῦ
1319 709 1377 776 δ’
1444 713 1505 776 οἱ
1563 711 1711 796 περὶ
1767 718 1887 793 τῆς
1938 710 2270 796 βασιλείας
2324 707 2444 776 ὑπ’
2506 706 2807 792 ἀλλήλων

704 812 1171 890 ἀποθανόντες
1186 843 1211 896 ,·
1321 817 1549 883 ΕΡΜ.
1660 823 2088 900 παρεστᾶσιν.
2206 815 2523 882 KAJLQ.
2636 811 2677 878 ὃ
2747 809 2804 877 δ’

702 918 837 986 ὑπὸ
895 927 1011 986 τοῦ
1070 928 1304 1009 μοιχοῦ
1367 921 1472 984 καὶ
1535 925 1649 1002 τῆς
1704 916 2012 1007 γυναικός
2078 919 2468 1004 φονευθείς,·
2565 919 2805 986 ,ΕΡΜ.

705 1023 847 1090 ἰδού
898 1050 1000 1090 σοι
1044 1025 1346 1107 πλησίον.
1443 1023 1762 1091 ΚΛΩΘ.
1835 1022 1990 1111 τοιξς
2035 1028 2101 1089 ἐκ
2149 1022 2590 1108 δικαστηρίων
2640 1021 2809 1104 δῆτα

705 1125 1069 1218 παράγαγε,
1124 1131 1280 1218 λέγω
1328 1125 1409 1213 δὴ
1456 1125 1613 1203 τούς
1657 1133 1726 1194 ἐκ
1769 1125 2129 1213 τυμπάνου
2172 1129 2279 1193 καὶ
2319 1126 2475 1202 τοὺς
2520 1126 2812 1193 ἀνεσκο-

567 1247 670 1302 628
704 1235 1167 1319 λοπισμὲνους.
1220 1235 1253 1271 *
1301 1236 1363 1298 οἱ
1400 1231 1458 1298 δ’
1488 1231 1622 1298 ὑπὸ
1662 1234 1915 1320 λῃστῶν
1955 1231 2422 1308 ἀποθανόντες
2462 1230 2809 1299 ἑκκαίδεκα

704 1346 836 1404 ποῦ
900 1342 1085 1416 εἰσιν,
1158 1331 1206 1402 ὦ
1240 1335 1497 1423 “Ερμῆ,·
1587 1339 1817 1405 ΕΡΜ.
1912 1335 2216 1422 πάρεισιν
2275 1338 2413 1403 οἵδε
2473 1341 2537 1402 οἱ
2600 1358 2809 1420 τραυ-

703 1441 960 1529 ματίαι,
1027 1441 1110 1517 ὡς
1167 1441 1345 1528 ὁρᾷς.
1440 1440 1559 1516 τὰς
1621 1442 1690 1509 δὲ
1746 1455 2056 1531 γυναῖκας
2115 1442 2257 1528 ἅμα
2309 1440 2530 1528 βούλει
2578 1463 2810 1526 παρα-

703 1545 927 1636 γάγως
1020 1546 1335 1613 ΚΛΩΘ.
1429 1543 1740 1632 μάλιστα,
1806 1547 1911 1612 καὶ
1968 1543 2123 1622 τούς
2167 1544 2302 1613 ἀπὸ
2349 1545 2694 1634 ναυαγίων
2735 1568 2807 1632 γε

708 1652 891 1737 ἅμα·
959 1648 1187 1738 [ὁμοῦ]
1229 1648 1356 1740 γὰρ
1402 1658 1683 1716 τεθνᾶσι
1727 1652 1831 1716 καὶ
1877 1649 1992 1716 τὸν
2039 1652 2275 1736 ὅμοιον
2318 1648 2599 1736 τρόπον.
2703 1647 2807 1712 καὶ

704 1753 860 1829 τοὺς
919 1752 1054 1820 ἀπὸ
1111 1763 1229 1821 τοῦ
1290 1763 1572 1840 πυρετοῦ
1638 1755 1730 1833 δὲ,
1792 1757 1896 1820 καὶ
1951 1754 2226 1830 τούτους
2287 1757 2454 1842 ἅμα,
2527 1750 2804 1820 καὶτὸν

709 1856 930 1944 ἰατρὸν
997 1858 1145 1943 μετ’
1211 1858 1427 1925 αὐτῶν
1485 1859 1920 1949 Ἀγαθοκλέα.
2034 1864 2093 1927 7.
2185 1867 2320 1926 ποῦ
2380 1859 2463 1924 δ’·
2510 1857 2544 1926 ὁ
2611 1853 2802 1944 φιλό-

711 1988 913 2048 σοφος
942 1961 1292 2040 Κυνίσκος,
1346 1965 1420 2030 ὒν
1468 1963 1598 2030 ’ἔδει
1634 1962 2041 2049 τῆς“Εκάτης
2080 1961 2153 2029 τό
2192 1964 2464 2029 δεῖπνον
2498 1961 2802 2054 φαγόντα

707 2065 818 2132 καὶ
880 2064 959 2133 τοὶ
1033 2072 1101 2132 ἐκ
1163 2075 1295 2133 τῶν
1362 2068 1746 2154 καθαρσίων
1814 2067 1926 2148 ᾠὰ,
2000 2067 2117 2153 καὶ,
2174 2065 2343 2153 πρὸς
2407 2066 2674 2142 τούτοις
2730 2090 2800 2154 γε

1732 2190 1747 2217 Ι

712 2348 869 2417 sophi
906 2347 1266 2417 compositum
1301 2364 1436 2402 esse.
1614 2348 1724 2401 ποῦ
1777 2345 1832 2400 δ’
1874 2344 1935 2400 οἱ
1975 2346 2094 2410 21A,
2134 2348 2244 2401 ποῦ
2285 2344 2347 2401 οἰ
2375 2347 2435 2413 F,
2481 2348 2591 2401 ποῦ
2648 2342 2710 2398 δὲ
2747 2338 2803 2396 σι’

711 2441 762 2488 Φ
798 2437 854 2489 et
888 2453 940 2489 v.
1116 2437 1429 2503 παρεστᾶσι
1464 2436 1529 2488 A.
1709 2434 1843 2505 λέγω
1874 2432 1940 2503 δὴ
1970 2453 2023 2504 v,
2062 2451 2195 2504 quae
2233 2451 2320 2489 om
2345 2436 2394 2487 A
2417 2450 2511 2503 pro
2542 2434 2625 2488 eis
2663 2431 2793 2501 λέγω

711 2522 771 2577 δὲ
810 2521 904 2581 ΞΙΩ
940 2521 1183 2577 fortassis
1218 2524 1376 2576 recte.
1461 2542 1472 2561 ¹
1555 2523 1683 2580 τοὺς
1721 2521 1797 2592 ἐκ]
1851 2530 1943 2575 καὶ
1987 2523 2116 2579 τοὺς
2164 2521 2222 2575 ἐν
2257 2523 2323 2589 A,
2371 2522 2499 2578 τοὺς
2535 2520 2594 2573 ἐκ
2635 2517 2697 2574 δὲ
2733 2517 2793 2571 D.

884 2608 1198 2681 τυμπάνου]
1249 2609 1552 2679 τυμπάνων
1590 2616 1660 2673 Φ,
1713 2610 1959 2664 τυπάνου
2009 2609 2067 2665 Ω.
2283 2609 2356 2669 ὡς
2391 2608 2530 2679 ὁρᾷς
2563 2608 2615 2662 Α
2652 2605 2794 2662 solus

706 2701 867 2768 recte,
907 2699 1001 2756 οὶῖς
1039 2698 1177 2766 ὁρᾷς
1200 2697 1394 2752 ΑΦΩΕ
1415 2699 1483 2751 aet
1505 2716 1559 2752 V.
1739 2698 1856 2767 ἅμα
1891 2696 2107 2769 βούλει]
2142 2696 2335 2768 βούλει
2373 2696 2490 2767 ἅμα
2513 2695 2624 2751 ΑΩ.

706 2785 1040 2857 παραγάγω]
1078 2786 1313 2855 παράγω
1353 2784 1461 2838 AF.
1641 2795 1731 2839 καὶ
1781 2787 1910 2844 τοὺς
1957 2784 2066 2838 ἀπὸ
2109 2788 2384 2855 ναυαγίων
2416 2783 2657 2855 γε·’ίίμα
2691 2781 2791 2854 γὰρ

707 2877 945 2927 τεθνᾶσι
982 2881 1073 2925 καὶ
1109 2873 1209 2925 τὸν
1245 2871 1333 2926 ΩῈ
1362 2874 1418 2926 et
1451 2890 1503 2926 v.
1566 2874 1857 2942 eodemque
1892 2872 2050 2927 modo
2088 2871 2211 2933 21oe,
2252 2873 2622 2941 praeterquam
2658 2867 2792 2940 quod

705 2960 768 3013 hi
806 2960 911 3014 duo
951 2957 1033 3014 δι’·
1071 2959 1270 3013 habent
1306 2958 1425 3030 (pro
1462 2962 1589 3031 γε·),
1628 2961 1722 3015 sed.
1760 2968 1850 3013 καὶ
1885 2960 2015 3017 τοὺς
2052 2958 2162 3012 ἀπὸ
2202 2963 2461 3022 ναυσίων,
2515 2959 2631 3030 οἵγε
2684 2955 2792 3024 ἅμα

706 3048 945 3101 τεθνᾶσι
993 3056 1084 3100 καὶ
1129 3047 1229 3100 τὸν
1277 3048 1343 3116 A,
1397 3064 1541 3103 mera
1589 3046 2011 3117 interpolatione.
2103 3045 2440 3100 Schmiederi
2494 3046 2790 3117 conjectura

707 3135 792 3188 est
823 3134 983 3189 haec:
1022 3142 1114 3187 καὶ
1152 3135 1278 3192 τοὺς
1317 3135 1427 3188 ἀπὸ
1468 3139 1743 3204 ναυαγίων
1767 3156 1825 3205 γε
1867 3134 2003 3204 ἅμα·
2043 3144 2134 3188 καὶ
2170 3135 2278 3205 γὰρ
2315 3136 2552 3189 τεθνᾶσι
2587 3135 2689 3188 τὸν
2711 3159 2788 3197 --·,

708 3238 870 3290 quam
905 3221 1160 3275 Struvius
1196 3221 1256 3274 in
1291 3221 1351 3275 L.
1389 3221 1449 3275 L.
1488 3239 1538 3290 p.
1577 3226 1698 3290 219,
1753 3238 1850 3291 ego
1887 3221 2017 3276 olim
2051 3221 2112 3274 in
2146 3221 2320 3291 Epist.
2358 3222 2478 3277 orit.
2514 3238 2566 3291 p.
2602 3214 2792 3276 XXIV

708 3309 763 3362 et
813 3308 1099 3363 nobiseum
1151 3308 1244 3362 alii
1299 3308 1603 3376 probarunt.
1695 3308 1972 3363 simillime
2020 3308 2331 3379 Madvigius
2382 3310 2442 3363 in
2489 3310 2719 3363 AdverS.
2763 3301 2788 3356 I

708 3414 760 3466 p.
798 3399 931 3455 683:
979 3405 1071 3449 καὶ
1117 3397 1246 3454 τοὺς
1293 3395 1402 3449 ἀπὸ
1456 3399 1732 3466 ναυαγίων
1764 3417 1824 3465 γε
1878 3393 2013 3465 ἅμα·
2065 3394 2228 3468 [ἅμα]
2277 3398 2384 3467 γὰρ
2434 3395 2683 3451 τεθνᾶσι.
2705 3398 2786 3446 καὶ

707 3485 807 3537 τὸν
859 3514 944 3551 —,
1009 3484 1067 3537 id
1121 3483 1263 3553 quod
1316 3485 1565 3551 praestat.
1661 3499 1964 3551 quanquam
2021 3481 2188 3557 [ἅμα]
2241 3486 2348 3555 γὰρ
2402 3483 2649 3551 ineptum
2698 3480 2785 3535 est.

710 3588 884 3640 neque
921 3570 1067 3625 enim
1103 3570 1289 3624 eodem
1324 3572 1562 3639 tempore
1599 3585 1783 3624 omnes
1818 3571 2060 3640 naufragi
2095 3572 2323 3640 pereunt
2355 3571 2450 3625 sed
2473 3572 2662 3625 eodem
2682 3570 2787 3623 loco

708 3658 746 3711 i.
766 3675 812 3712 e.
837 3658 897 3711 in
921 3657 1073 3711 mari.
1145 3657 1326 3726 itaque
1351 3673 1448 3726 ego
1472 3658 1597 3726 post
1623 3657 1759 3726 ἅμα·
1793 3658 1977 3727 potius
2005 3651 2196 3729 [ὁμσῦ]
2225 3656 2489 3725 supplevi.
2560 3659 2785 3711 ceterum

711 3744 911 3813 optime
959 3744 1272 3798 Schmieder
1306 3745 1450 3798 vidit
1487 3766 1534 3797 κ.
1576 3765 1625 3797 τ.
1669 3743 1779 3799 ἀπὸ
1822 3749 2099 3815 ναυαγίων
2134 3766 2192 3815 γε
2234 3743 2382 3813 ἅμα·
2431 3740 2787 3813 conjungenda

707 3848 844 3900 esse,
882 3832 1028 3886 siout
1050 3833 1105 3885 et
1126 3833 1180 3885 h.
1201 3832 1237 3886 l.
1258 3832 1636 3901 subsequitur:
1675 3841 1768 3885 καὶ
1804 3832 2033 3890 τούτους
2069 3830 2210 3901 ἅμα·
2248 3833 2304 3884 et
2332 3832 2395 3884 ut
2417 3832 2501 3884 est
2522 3830 2581 3883 in
2597 3827 2781 3884 Piscat-

645 3931 662 3952 ·
707 3925 804 3978 47:
845 3916 969 3972 ἰδοὺ
1011 3917 1078 3987 δὴ
1120 3918 1273 3990 λαβὲ,
1328 3928 1419 3972 καὶ
1456 3921 1557 3972 τὸν
1594 3917 1848 3988 κάλαμόν
1882 3940 1941 3989 γε
1983 3918 2117 3986 ἅμα·
2159 3919 2230 3977 ὡς
2265 3917 2420 3972 πάντ’
2463 3917 2619 3985 ἔχοις.

707 4007 938 4076 τρόπον.
992 4014 1083 4059 καὶ
1129 4006 1276 4078 τοὺς]
1325 4015 1416 4060 καὶ
1466 4023 1555 4061 0111
1601 4008 1666 4060 A.
1859 4006 1970 4059 ἀπὸ
2009 3987 2252 4076 πυρετοό
2290 4022 2344 4073 v,
2396 4005 2491 4079 sed
2541 4003 2652 4058 ἀπὸ
2698 3999 2783 4057 τοῦ

706 4094 950 4164 πυρετοῦ
989 4092 1356 4162 ᾙΦΑΩἘΒΜ,
1390 4096 1551 4148 recte.
1731 4101 1821 4145 καὶ
1859 4093 2282 4162 τοὺτουςΗὲρμ.
2336 4100 2429 4145 καὶ
2473 4092 2705 4152 τούτους
2734 4086 2783 4143 F·

884 4179 998 4249 μετ’
1054 4179 1239 4235 αὐτῶν
1286 4180 1652 4252 Ἀγαθοκλέα]
1715 4179 2059 4252 Ἀγαθοκλέα
2113 4178 2227 4249 μετ’
2288 4178 2472 4233 αὐτῶν
2522 4177 2582 4233 Μ
2634 4178 2780 4235 solus·

711 4269 966 4323 credibile
983 4259 1087 4322 'est
1115 4269 1267 4322 huno
1291 4269 1639 4337 Agathoclem
1664 4283 1771 4321 non
1794 4269 1975 4322 fictam
2010 4283 2130 4322 esse
2167 4282 2462 4336 personam,
2499 4266 2595 4320 sed
2628 4261 2781 4320 medi·

711 4372 837 4410 cum
871 4357 1043 4410 fuisse
1079 4359 1235 4411 notae
1271 4356 1558 4425 pessimae.

852 4449 899 4501 7.
971 4446 1081 4498 ποῦ
1132 4442 1185 4498 δ’
1232 4444 1260 4497 ὁ
1309 4445 1374 4513 A,
1421 4446 1533 4498 ποῦ
1588 4441 1647 4497 δὲ
1700 4443 1728 4497 ὁ
1769 4442 1919 4502 Qum?
1953 4445 2094 4497 etv.
2261 4440 2514 4511 Ἑκάτης]
2569 4440 2780 4495 ἕκαστον
