3099 5241
1390 433 1648 484 ΤΙΜΩΝ.
2416 401 2557 473 183

478 599 875 680 Κολλυτεὺς,
948 600 1116 687 ἀνὴρ
1183 602 1265 669 οὐ
1329 600 1551 689 μόνον
1601 599 1794 678 καλός
1849 599 2166 690 κάγαθὸς,
2239 600 2396 669 ἀλλὰ
2455 603 2561 668 καὶ

481 703 685 792 σοφὸς
728 704 813 781 ὦς
856 705 976 772 οὐκ
1020 704 1209 780 ἄλλος
1254 710 1326 772 ἐν
1366 711 1448 793 τῇ
1479 703 1764 785 Ἑλλάδι,
1834 704 2016 790 παρὰ
2063 703 2284 773 πάντα
2325 704 2562 795 χρόνον

479 809 753 876 διατελεῖ
804 808 886 876 τὰ
946 808 1178 895 άριστα
1231 807 1541 895 πράττων
1597 818 1678 897 τῇ
1721 807 1928 889 πόλει,
1992 809 2277 895 νενίκηκε
2322 810 2391 876 δὲ
2434 808 2564 886 πὺξ

479 914 586 980 καὶ
642 911 861 998 πάλην
920 914 1025 979 καὶ
1084 910 1337 999 δρόμον
1383 917 1425 954 ⁴*
1470 918 1541 980 ἐν
1578 912 1916 999 Ὀλυμπίᾳ
1959 919 2119 998 μιᾶς
2158 913 2413 1000 ἡμέρας
2457 915 2563 979 καὶ
2600 924 2700 980 164

478 1017 691 1105 τελείῳ
753 1018 998 1103 ἅρματι
1056 1018 1162 1082 καὶ
1225 1017 1527 1103 συνωρίδι
1585 1018 1830 1106 πωλικῇ
1890 1026 2034 1067 -“
2147 1019 2350 1085 ΤΙΜ.
2424 1017 2560 1084 ἀλλ’

481 1119 635 1188 οὐδὲ
694 1119 1035 1207 ἐθεώρησα
1092 1119 1211 1209 ἐγώ
1256 1119 1527 1188 πώποτε
1573 1125 1660 1197 εἰς
1697 1120 2101 1208 Ὀλυμπίαν.
2197 1119 2437 1188 ΆΗΜ.
2501 1121 2567 1189 τί

482 1219 643 1306 οὖνς
700 1222 1059 1311 θεωρήσεις
1101 1226 1403 1311 ὕστερον·
1450 1224 1531 1291 τά
1576 1233 1847 1292 τοιαῦτα
1895 1224 1966 1292 δὲ
2009 1222 2215 1292 πολλὰ
2260 1237 2565 1312 προσκεῖ-

483 1337 647 1396 σθαι
706 1327 1002 1414 ἄμεινον.
1095 1330 1256 1408 „nai
1312 1328 1610 1414 ἦρίςευσε
1669 1327 1740 1396 δὲ
1782 1326 1948 1416 ὑπὲρ
1993 1335 2110 1414 τῆς
2152 1327 2400 1404 πόλεως
2442 1330 2565 1396 πέ-

480 1457 627 1517 ρυσι
689 1432 857 1519 πρὸς
906 1431 1249 1521 Ἀχαρναῖς
1305 1433 1411 1499 καὶ
1469 1434 1789 1518 κατέκοψε
1830 1433 2398 1518 Πελοποννησίων
2443 1431 2561 1500 δύο

479 1534 781 1622 μόρας.“
869 1538 971 1606 51.
1030 1538 1233 1603 TJM.
1306 1544 1489 1618 πῶςς
1547 1534 1654 1603 διὰ
1709 1535 1833 1626 γάρ
1888 1534 1965 1603 τό
2009 1535 2108 1624 μὴ
2155 1536 2319 1627 ἔχειν
2363 1539 2558 1617 ὅπλα,

483 1640 636 1707 οὐδὲ
693 1638 1125 1729 προύγράφην
1183 1645 1249 1706 ἐν
1303 1648 1390 1728 τῷ
1446 1638 1799 1730 καταλόγῳ.
1896 1643 2134 1709 ΔΗΜ.
2205 1644 2437 1728 μέτρια
2481 1641 2563 1708 τά

471 1745 629 1830 ,περὶ
696 1753 943 1811 σαυτοῦ
1007 1746 1227 1833 λέγεις,
1296 1742 1490 1831 ἡμεῖς
1557 1746 1627 1811 δὲ
1686 1744 2018 1835 ἀχάριστοι
2083 1750 2124 1789 ⁴*
2191 1748 2272 1814 ἄν
2332 1750 2563 1834 εἴημεν
2599 1755 2699 1811 165

482 1848 1049 1935 ἀμνημονοῦντες.
1143 1848 1298 1928 „Eu
1366 1849 1437 1916 δὲ
1503 1850 1609 1915 καὶ
1675 1851 2075 1937 ψηφίσματα
2133 1849 2397 1939 γράφων
2455 1852 2562 1918 καὶ

481 1951 937 2040 ξυμβουλεύων
992 1954 1098 2019 καὶ
1145 1960 1521 2042 στρατηγῶν
1569 1952 1649 2019 οὐ
1692 1953 1891 2040 μικρά
1939 1953 2223 2041 ὠφέλησε
2265 1953 2391 2041 τῆν
2433 1954 2564 2022 πό-

480 2057 602 2122 λιν’
665 2058 772 2123 ἐπὶ
815 2055 1074 2132 τούτοις
1120 2059 1330 2123 ἅπασι
1376 2055 1669 2146 δεδόχθω
1714 2065 1796 2147 τῇ
1838 2060 2045 2147 βουλῇ
2089 2060 2195 2125 καὶ
2238 2065 2325 2148 τῷ
2372 2057 2562 2148 δήμῳ

481 2162 587 2227 καὶ
637 2167 718 2250 τῇ
749 2159 1014 2248 Ἡλιαίᾳ
1058 2163 1162 2228 καὶ
1206 2175 1348 2236 ταῖς
1392 2163 1623 2248 φυλαῖς
1668 2163 1774 2229 καὶ
1817 2175 1953 2238 τοῖς
1998 2161 2236 2249 δήμοις
2282 2163 2414 2251 ἰδίᾳ
2456 2166 2564 2230 καὶ

480 2368 782 2429 κολυττεύς.
927 2372 1112 2427 literas
1148 2369 1316 2429 καλός
1349 2392 1381 2425 κ
1417 2388 1503 2427 om
1538 2374 1590 2428 R
1635 2375 1806 2444 spatio
1842 2390 2021 2429 vacuo.
2162 2371 2434 2444 κάγαθὸς]
2469 2380 2563 2427 καὶ

484 2455 699 2527 ἀγαθὸς
738 2462 801 2511 0.
946 2475 1042 2513 cur
1074 2458 1164 2513 hic
1201 2455 1261 2511 ἐν
1288 2456 1561 2527 Ὀλυμπίᾳ
1590 2461 1850 2531 scriptum
1865 2461 1954 2526 sit,
1988 2478 2094 2515 non
2129 2463 2192 2515 ut
2225 2464 2407 2516 noster
2433 2462 2563 2516 alias

481 2545 620 2600 solet
652 2546 823 2614 magis
857 2546 1037 2610 attice,
1067 2542 1371 2612 Ὀλύμπια,
1425 2546 1905 2603 Sommerbrodtius
1939 2547 2008 2601 ad
2042 2548 2096 2602 h.
2133 2547 2170 2603 1.
2207 2548 2356 2613 vidit,
2393 2549 2562 2604 Cobe-

480 2636 570 2687 tus
605 2635 672 2688 V.
710 2634 771 2688 L.
808 2651 863 2704 p.
900 2637 1005 2690 223
1038 2650 1145 2689 non
1177 2634 1328 2689 vidit.
1488 2635 1887 2703 προσκεῖσθαι]
1936 2636 2281 2701 προκεῖσθαι
2314 2636 2364 2691 Α
2399 2636 2561 2692 solus,

620 2718 931 2790 ἠρίστευσε]
958 2719 1213 2791 ἦρίστευε
1236 2726 1300 2774 Ο.
1444 2721 1572 2776 libri
1603 2721 1746 2790 πρὸς
1783 2719 2066 2793 άχαρνέας.
2142 2722 2238 2777 sed
2251 2726 2396 2777 recte
2422 2723 2566 2792 πρὸς

475 2803 761 2875 Ἀχαρναῖς
807 2825 970 2878 quum
1003 2808 1099 2863 alii
1131 2809 1322 2873 critici,
1370 2810 1488 2862 tum
1520 2809 1584 2863 E.
1623 2808 1842 2874 Memor,
1887 2810 2142 2865 MnemoS.
2181 2810 2212 2863 Ι
2250 2826 2303 2879 p.
2341 2810 2461 2867 403.
2500 2810 2561 2864 Τ.

483 2894 657 2949 Faber
690 2896 856 2950 scribi
889 2896 1127 2951 voluerat
1169 2902 1302 2965 περὶ
1331 2893 1612 2965 Ἀχαρνὰς,
1665 2895 1855 2950 ductus
1890 2894 2035 2949 haud
2069 2894 2229 2949 dubie
2264 2895 2379 2950 loco
2416 2896 2563 2951 Thu-

483 2981 690 3050 cydidis
725 2982 801 3048 H,
837 2986 920 3048 20,
974 2983 1069 3052 qui
1103 2982 1168 3037 de
1214 2982 1315 3037 hoc
1362 2983 1479 3052 ipso
1524 2981 1724 3051 proelio
1768 2982 1989 3051 loquens
2037 2982 2255 3052 scripsit
2298 2988 2431 3049 περὶ
2465 2981 2566 3039 τὰς

476 3065 739 3138 Ἀχαρνὰς
772 3066 914 3136 (ter).
986 3068 1082 3123 sed
1113 3072 1295 3138 aperte
1341 3068 1477 3123 falsa
1523 3071 1609 3122 est
1641 3068 2015 3123 Hemsterhusi
2060 3068 2378 3137 conjectura,
2431 3086 2565 3138 quae

482 3156 764 3210 nonnullos
800 3155 1031 3225 decepit:
1067 3154 1211 3223 πρὸς
1238 3152 1592 3224 Ἀκαρνᾶνας.
1737 3154 1865 3209 libri
1899 3156 2102 3223 μοίρας
2117 3155 2249 3209 vitio
2271 3153 2562 3224 frequente,

483 3242 630 3296 velut
649 3241 801 3296 infra
835 3241 954 3309 §53
970 3241 1061 3297 fin.
1134 3239 1314 3309 μόρας
1347 3241 1632 3311 utrobique
1666 3241 1800 3296 bene
1834 3241 2075 3296 restituit
2089 3242 2296 3296 Bekker
2330 3244 2387 3296 et
2418 3242 2564 3312 prior

482 3328 721 3384 Bekkero
756 3329 820 3383 E.
859 3329 1063 3384 Mehler
1096 3330 1352 3383 Mnemos.
1389 3329 1421 3383 I
1453 3346 1506 3399 p.
1543 3330 1667 3385 403.

623 3418 706 3473 51.
777 3413 1153 3486 προῦγράφην
1186 3415 1575 3480 ΑΨΩΩἎΡΒῩ,
1609 3412 1999 3485 προῦγράφειν
2037 3418 2084 3467 0
2119 3413 2220 3483 (ita
2258 3414 2345 3483 Ο),
2385 3435 2563 3484 προσ·

485 3501 737 3573 εγράφην
759 3503 820 3568 L,
854 3501 1225 3573 προεγράφην
1257 3522 1306 3558 v.
1449 3506 1635 3556 AHM.
1675 3519 1783 3558 non
1817 3501 1907 3555 hic
1948 3501 2042 3556 sed
2074 3501 2215 3557 infra
2245 3505 2371 3573 post
2388 3500 2562 3571 ἀμνη-

482 3590 783 3659 μονοῦντες
815 3607 862 3645 a.
1016 3592 1217 3658 μέτρια
1262 3589 1353 3657 τὰ]
1401 3587 1577 3659 μέτρι’
1631 3586 1769 3642 ἅττα
1818 3589 2058 3644 Dobreus
2105 3589 2164 3642 in
2208 3589 2486 3645 Adversar.
2533 3591 2565 3645 I

482 3695 533 3748 p.
554 3680 674 3743 563,
708 3677 991 3747 impatiens
1025 3677 1117 3732 ille
1150 3677 1347 3732 atticae
1381 3677 1719 3731 attractionis
1753 3692 1851 3746 pro
1883 3675 2116 3744 vulgari:
2151 3673 2355 3743 μέτριά
2392 3675 2559 3739 ἐστιν,

486 3762 524 3816 ἃ
557 3761 746 3833 λέγεις.
888 3760 1639 3834 ξυμβουλεόωνΑΨΩΩςΡΟ,
1682 3758 2073 3833 συμβουλεύων
2108 3763 2158 3816 R
2191 3764 2246 3816 et
2279 3780 2328 3817 v.
2471 3757 2562 3816 δε-

486 3847 675 3918 δόχθω
711 3850 885 3912 ΑΨΡ,
938 3844 1202 3903 δέδοκται
1241 3852 1460 3909 ΟΩΩςΒ.
1506 3853 1563 3903 et
1596 3867 1644 3904 v.
1721 3844 1997 3915 δεδόχθαι
2030 3848 2238 3903 Bekker
2270 3864 2391 3903 cum
2426 3850 2562 3919 Tay-

484 3939 595 3994 loro
641 3938 710 3993 ad
753 3937 1029 3993 Demosth.
1066 3939 1132 3992 V.
1169 3938 1230 3992 11
1274 3955 1326 4007 p.
1364 3940 1430 3994 61
1481 3937 1563 3991 ed.
1603 3935 1746 4001 sch„
1792 3935 1933 4006 quod
1976 3936 2056 3989 ita
2099 3934 2307 3990 demum
2351 3936 2564 4007 probari

483 4029 680 4097 posset,
732 4027 781 4079 si
827 4042 989 4095 supra
1031 4025 1063 4092 ἓ
1098 4027 1167 4080 50
1211 4024 1617 4094 praecessisset:
1664 4025 1888 4090 Δημέας
1920 4051 1989 4060 —-
2025 4019 2197 4084 εἶπεν,
2238 4019 2433 4089 ἐπειδὴ
2471 4052 2558 4076 -.

483 4113 580 4168 ubi
612 4115 789 4168 autem
821 4111 958 4166 illud
973 4107 1149 4165 Ὴπεν
1184 4110 1348 4177 deest,
1383 4114 1618 4167 oratores
1657 4106 1914 4176 δεδόχθω
1950 4112 2158 4180 ponunt
2206 4110 2439 4180 itemque
2454 4111 2563 4165 Lu·

485 4200 669 4255 cianus
703 4199 763 4254 in
795 4199 1139 4268 Necyomant.
1179 4199 1211 4266 ἓ
1245 4202 1314 4255 20
1348 4199 1467 4253 init.
1506 4202 1563 4252 et
1597 4199 1753 4253 Deor.
1792 4197 1993 4252 Concil.
2033 4197 2167 4264 §15
2310 4197 2437 4251 libri
2469 4203 2563 4250 καὶ

483 4287 551 4359 τῇ
579 4283 803 4353 Ἡλιαίᾳ
839 4282 1054 4355 (ἡλιαίᾳ
1090 4284 1142 4354 a)
1178 4283 1319 4338 κατὰ
1357 4281 1532 4354 φυλὰς
1565 4312 1652 4348 -,
1693 4301 1827 4355 quae
1861 4283 1991 4354 quid
2025 4283 2171 4338 aliud
2205 4287 2345 4349 sunt,
2392 4299 2565 4353 ,quam

485 4388 638 4428 voces
674 4373 859 4443 inopes
901 4389 1077 4428 rerum
1121 4389 1397 4443 nugaeque
1445 4371 1722 4427 sonorae‘?
1789 4371 2033 4441 equidem
2067 4370 2195 4426 olim
2227 4371 2307 4426 ita
2337 4370 2422 4425 uti
2453 4369 2563 4425 Lu-
