3099 5241
535 414 585 468 x
610 365 617 374 ¹
950 416 955 427 ’
1305 383 1844 469 PROLEGOMENA

537 586 828 652 criticum
873 586 1035 666 falli,
1083 588 1138 652 si
1183 588 1324 671 quis
1369 588 1482 652 uni
1527 587 1729 652 codici
1772 586 2005 669 ubique
2040 589 2477 674 emancipatus
2524 589 2609 653 sit

538 712 739 772 neque
787 692 1082 774 cogitarit
1137 692 1257 756 duo
1321 693 1400 756 ad
1453 691 1789 756 minimum
1834 691 2083 756 codices
2129 691 2252 757 sibi
2298 710 2605 774 quaeren-

540 798 651 858 dos
699 816 855 872 esse,
915 814 1178 876 quorum
1221 798 1486 877 uterque
1533 795 1759 859 ducere
1804 795 2119 860 familiam
2165 814 2344 860 suam
2388 796 2605 861 videa-

538 904 657 964 tur.
751 902 915 980 quod
963 902 1041 964 ad
1087 900 1372 984 singulos
1418 899 1681 977 adtinet,
1742 899 1820 965 ab
1876 899 1989 964 illo
2048 899 2262 964 codice
2317 899 2606 982 proficis-

538 1023 661 1082 car,
711 1006 817 1084 qui
865 1008 927 1068 et
973 1005 1350 1087 antiquitate
1395 1023 1613 1069 omnes
1660 1006 1917 1087 superat
1962 1007 2025 1069 et
2061 1005 2295 1069 virtute
2339 1004 2443 1069 vix
2487 1005 2607 1069 ulli

538 1110 721 1186 cedit,
771 1109 1244 1173 Vindobonensi
1269 1108 1394 1173 123
1419 1109 1533 1192 (B)
1579 1109 1740 1173 libro
1787 1107 2301 1191 membranaceo„
2336 1109 2445 1190 qui
2488 1108 2604 1172 sub

536 1214 789 1276 initium
853 1214 1089 1278 saeculi
1147 1213 1377 1278 decimi
1435 1213 1627 1298 (anno
1674 1213 1925 1278 circiter
1968 1211 2123 1295 912)
2171 1213 2443 1294 scriptus
2490 1214 2606 1290 est,

538 1318 601 1380 in
649 1318 829 1400 cujus
891 1318 1176 1402 margine
1233 1317 1474 1383 scholia
1531 1317 1760 1382 eximia
1818 1317 2052 1399 partim
2096 1317 2242 1400 ‘legi
2295 1316 2606 1398 hodieque

534 1426 815 1502 possunt.
907 1442 977 1486 ac
1025 1421 1494 1488 Siemonsenius
1541 1421 1798 1503 quidem
1842 1421 1908 1486 in
1954 1420 2241 1501 Quaestt.
2280 1421 2433 1485 Luc.
2478 1439 2540 1502 p.
2567 1421 2603 1484 7

534 1526 701 1588 hunc
747 1526 979 1588 librum
1027 1528 1117 1590 ita
1133 1525 1382 1608 Judicat
1405 1525 1735 1603 excellere,
1780 1528 1853 1590 ut
1898 1527 1979 1590 ad
2014 1544 2160 1590 eum
2193 1524 2401 1589 solum
2425 1524 2607 1606 quasi

536 1650 823 1694 normam
881 1631 1198 1712 quandam
1258 1630 1494 1694 caeteri
1551 1648 1769 1694 omnes
1830 1629 2121 1713 exigendi
2180 1629 2328 1693 sint.
2432 1628 2609 1710 atqui

536 1736 775 1798 sciebat
821 1736 1007 1798 aliter
1055 1737 1116 1799 et
1151 1751 1287 1799 ‘nos
1334 1734 1637 1799 statuisse
1686 1737 1749 1799 et
1794 1753 1958 1812 eum,
2020 1733 2129 1815 qui
2182 1732 2372 1815 hujus
2433 1731 2607 1797 codi-

538 1840 627 1902 cis
673 1844 921 1920 partem
969 1842 1031 1904 et
1074 1839 1210 1921 ipse
1241 1839 1526 1904 conferre
1552 1839 1777 1921 coepit,
1825 1836 2307 1903 C.Jacobitium
2352 1839 2417 1901 et
2461 1855 2607 1913 cum

536 1944 611 2008 G.
661 1944 987 2008 Dindori‘io
1035 1946 1243 2026 ipsum
1286 1943 1348 2008 J.
1374 1943 1753 2008 Bekkerum.
1845 1941 2015 2024 quid,
2062 1941 2229 2024 quod
2250 1939 2607 2006 Jacobitius

534 2048 599 2110 in
645 2050 921 2112 Praefat.
969 2070 1029 2130 p.
1075 2047 1236 2113 XIII
1281 2048 1643 2114 ostenderat
1702 2047 1973 2112 alteram
2031 2044 2223 2128 hujus
2267 2045 2418 2110 libri
2460 2062 2607 2126 par-

534 2156 665 2216 tcm
713 2154 1013 2234 scriptam
1061 2172 1197 2218 esse
1240 2152 1451 2218 minus
1495 2153 1814 2217 adcurate.
1902 2169 2073 2229 nam,
2117 2151 2183 2214 id
2207 2149 2373 2232 quod
2418 2147 2609 2214 multi

532 2276 865 2338 perperam
913 2260 1200 2322 omittere
1247 2257 1474 2336 solent,
1518 2255 1952 2338 unusquisque
1977 2255 2169 2320 codex
2216 2256 2362 2319 ante
2397 2253 2603 2317 omnia

536 2382 749 2426 secum
795 2364 929 2444 ipse
977 2363 1433 2445 comparandus
1481 2364 1579 2426 est
1600 2360 2068 2441 videndumque
2112 2358 2277 2423 illud
2316 2356 2607 2436 maxime,

534 2486 689 2530 num
735 2468 811 2530 ab
861 2468 1037 2532 initio
1083 2467 1165 2532 ad
1209 2465 1402 2531 finem
1451 2468 1628 2532 totus
1686 2464 1810 2530 sibi
1864 2465 2113 2529 constet
2157 2479 2498 2544 paremque
2544 2463 2610 2524 et
2649 2543 2653 2547 ²

536 2572 765 2634 aetatis
813 2576 1031 2634 notam
1055 2574 1118 2636 et
1138 2570 1488 2636 lectionum
1526 2569 1718 2635 fidem
1752 2568 1985 2652 ubique
2017 2569 2294 2633 tueatur.
2386 2564 2608 2648 quodsi

534 2676 673 2756 quis
721 2676 823 2738 vel
871 2696 1067 2738 unum
1112 2675 1438 2759 dialogum
1463 2672 1877 2759 ,Δραπέταις
1929 2674 2039 2755 qui
2082 2690 2251 2737 nunc
2274 2670 2391 2737 sub
2416 2669 2609 2735 finem

536 2782 759 2856 exstat,
809 2780 1213 2859 consuluerit,
1258 2780 1427 2844 hunc
1473 2780 1758 2844 codicem
1788 2776 2043 2842 ·videbit
2088 2777 2188 2841 sui
2234 2774 2609 2840 dissimilem

536 2902 673 2947 esse
721 2888 783 2947 et
847 2884 923 2971 ab
987 2902 1100 2948 sua
1154 2884 1352 2966 ipsius
1411 2883 1649 2948 virtute
1712 2883 2145 2965 degenerasse.
2237 2882 2455 2945 contra
2500 2877 2609 2959 qui

538 2987 773 3069 dialogi
833 2973 909 3049 ab
959 2987 1136 3051 initio
1183 2986 1373 3069 hujus
1435 2986 1644 3069 qualis
1703 3004 1870 3049 nunc
1916 2986 2014 3049 est
2058 2983 2293 3048 codicis
2340 2984 2607 3059 exstant,

536 3091 659 3153 fide
709 3095 853 3153 sunt
903 3091 1250 3173 digniores:
1295 3090 1559 3156 tametsi
1600 3089 1667 3152 hi
1715 3107 1963 3171 quoque
2006 3088 2173 3152 inter
2218 3105 2285 3152 se
2310 3084 2608 3150 differunt

536 3213 739 3275 neque
779 3197 949 3257 ullus
979 3214 1194 3261 corum
1231 3212 1308 3259 ac
1343 3212 1422 3258 ne
1447 3190 1907 3271 ‚Prometheus‘
1943 3192 2219 3274 quidem,
2259 3208 2447 3272 quem
2478 3206 2607 3254 non

536 3319 699 3381 nego
727 3301 980 3379 optimis
1005 3296 1386 3363 lectionibus
1410 3296 1717 3361 refertum
1764 3314 1923 3373 esse,
1968 3298 2301 3377 tantopere
2336 3294 2609 3372 excellit,

536 3407 609 3467 ut
635 3403 1065 3467 Siemonsenio
1087 3418 1344 3483 prorsus
1382 3400 1579 3466 liceat
1602 3399 1927 3465 adsentiri.
1974 3400 2067 3464 ita
2090 3417 2243 3464 sane
2269 3399 2610 3463 dolendum

538 3509 653 3589 est,
701 3507 865 3587 quod
905 3525 941 3569 a
977 3504 1284 3587 principio
1306 3504 1479 3569 ‘libri
1520 3504 1826 3569 Lucianei
1869 3503 2027 3568 XIX
2070 3504 2425 3585 perierunt:
2487 3518 2609 3584 quo

536 3611 707 3675 facto
754 3611 857 3673 hic
903 3611 1171 3691 scriptor
1212 3626 1513 3692 magnam
1558 3608 1713 3672 fecit
1750 3608 2073 3690 ,iacturam
2118 3610 2183 3671 et
2218 3604 2608 3688 inreparabi-

536 3715 685 3779 lem.
777 3733 967 3795 quare
1013 3713 1091 3777 iis
1134 3711 1446 3789 inlibris,
1494 3712 1603 3794 qui
1648 3711 1725 3776 ab
1772 3712 1955 3776 initio
1999 3711 2322 3795 leguntur,
2368 3708 2609 3773 Vindo-

538 3819 833 3883 bonensis
881 3819 933 3881 B
981 3816 1187 3900 magis
1233 3815 1584 3882 audiendus
1630 3819 1747 3894 est,
1808 3834 2001 3898 quam
2055 3816 2123 3879 in
2182 3816 2272 3879 eis
2319 3813 2608 3896 dialogiS‚

540 3923 647 4005 qui
693 3941 859 3985 nunc
907 3921 1019 3985 sub
1069 3919 1260 3984 finem
1305 3923 1578 3999 exstant,
1637 3920 1705 3983 in
1749 3919 1977 4003 quibus
2036 3919 2149 3984 alii
2209 3917 2456 3984 codices
2502 3918 2612 3982 aut

538 4027 677 4109 pari
723 4029 869 4089 sunt
913 4025 1148 4089 virtute
1192 4028 1305 4088 aut
1350 4023 1545 4089 etiam
1590 4024 1932 4106 superiore.
2025 4024 2344 4089 enimvero
2368 4021 2611 4086 Vindo-

540 4131 837 4195 bonensis
877 4131 927 4191 B
977 4147 1013 4191 a
1057 4128 1384 4212 principio,
1429 4128 1498 4192 in
1542 4128 1751 4193 medio
1775 4127 1939 4192 libro
1986 4129 2051 4191 et
2094 4127 2160 4190 in
2183 4126 2310 4191 fine
2340 4126 2612 4208 turpiter

540 4235 873 4298 mutilatus
919 4251 1084 4297 nunc
1140 4232 1244 4298 vix
1298 4232 1568 4315 triginta
1620 4230 1818 4297 libros
1876 4230 2230 4297 Lucianeos
2292 4233 2355 4295 et
2399 4228 2467 4293 111
2509 4227 2608 4292 his

540 4357 787 4421 quoque
833 4336 1277 4402 brevissimum
1319 4351 1634 4419 quemque
1679 4335 2156 4418 complectitur:
2207 4352 2281 4399 ex
2325 4348 2448 4414 quo
2493 4330 2607 4395 ad-
