<?xml version="1.0" encoding="UTF-8"?>
<!DOCTYPE html PUBLIC "-//W3C//DTD XHTML 1.0 Transitional//EN"
    "http://www.w3.org/TR/xhtml1/DTD/xhtml1-transitional.dtd">
<html xmlns="http://www.w3.org/1999/xhtml" xml:lang="en" lang="en">
 <head>
  <title>
</title>
<meta http-equiv="Content-Type" content="text/html;charset=utf-8" />
  <meta name='ocr-system' content='tesseract 3.04.00' />
  <meta name='ocr-capabilities' content='ocr_page ocr_carea ocr_par ocr_line ocrx_word'/>
</head>
<body>
  <div class='ocr_page' id='page_1' title='image "./lucianussamosat01fritgoog_0161.png"; bbox 0 0 3099 5241; ppageno 0'>
   <div class='ocr_carea' id='block_1_1' title="bbox 1079 394 2499 483">
    <p class='ocr_par' dir='ltr' id='par_1_1' title="bbox 1079 394 2499 483">
     <span class='ocr_line' id='line_1_1' title="bbox 1079 394 2499 483; baseline -0.011 -1"><span class='ocrx_word' id='word_1_1' title='bbox 1079 430 1421 482; x_wconf 76' lang='grc' dir='ltr'><strong><em>ΒΝΑΛιοι</em></strong></span> <span class='ocrx_word' id='word_1_2' title='bbox 1460 429 1840 483; x_wconf 74' lang='grc' dir='ltr'><strong><em>ΑιΑΛοιυι.</em></strong></span> <span class='ocrx_word' id='word_1_3' title='bbox 2350 394 2499 468; x_wconf 82' lang='grc'><strong><em>113</em></strong></span> 
     </span>
    </p>
   </div>
   <div class='ocr_carea' id='block_1_2' title="bbox 427 594 2506 781">
    <p class='ocr_par' dir='ltr' id='par_1_2' title="bbox 427 594 2506 781">
     <span class='ocr_line' id='line_1_2' title="bbox 427 594 2506 688; baseline -0.003 -19"><span class='ocrx_word' id='word_1_4' title='bbox 427 609 748 687; x_wconf 85' lang='grc' dir='ltr'><strong><em>ποιῶμεν.</em></strong></span> <span class='ocrx_word' id='word_1_5' title='bbox 841 597 939 686; x_wconf 66' lang='grc' dir='ltr'><strong><em>μὴ</em></strong></span> <span class='ocrx_word' id='word_1_6' title='bbox 995 596 1120 688; x_wconf 73' lang='grc' dir='ltr'><strong><em>γὰρ</em></strong></span> <span class='ocrx_word' id='word_1_7' title='bbox 1183 598 1533 667; x_wconf 77' lang='grc' dir='ltr'><em>ἀπολέσθω</em></span> <span class='ocrx_word' id='word_1_8' title='bbox 1578 596 1753 687; x_wconf 77' lang='grc' dir='ltr'><strong><em>μήτε</em></strong></span> <span class='ocrx_word' id='word_1_9' title='bbox 1796 594 1962 685; x_wconf 74' lang='grc' dir='ltr'><strong><em>αὕτη</em></strong></span> <span class='ocrx_word' id='word_1_10' title='bbox 2009 594 2182 686; x_wconf 77' lang='grc' dir='ltr'><strong><em>μήτε</em></strong></span> <span class='ocrx_word' id='word_1_11' title='bbox 2224 595 2300 664; x_wconf 79' lang='grc' dir='ltr'><strong><em>τὸ</em></strong></span> <span class='ocrx_word' id='word_1_12' title='bbox 2345 621 2506 665; x_wconf 89' lang='grc' dir='ltr'><strong><em>παι-</em></strong></span> 
     </span>
     <span class='ocr_line' id='line_1_3' title="bbox 431 702 1754 781; baseline -0.005 -7"><span class='ocrx_word' id='word_1_13' title='bbox 431 706 576 774; x_wconf 78' lang='grc' dir='ltr'><strong><em>δίον</em></strong></span> <span class='ocrx_word' id='word_1_14' title='bbox 621 706 827 781; x_wconf 77' lang='grc' dir='ltr'><strong><em>οὕτως</em></strong></span> <span class='ocrx_word' id='word_1_15' title='bbox 871 703 953 772; x_wconf 80' lang='grc' dir='ltr'><strong><em>ὃν</em></strong></span> <span class='ocrx_word' id='word_1_16' title='bbox 993 702 1216 771; x_wconf 67' lang='grc' dir='ltr'><strong><em>καλὸν.</em></strong></span> <span class='ocrx_word' id='word_1_17' title='bbox 1735 709 1754 744; x_wconf 54' lang='lat'><strong>⁸</strong></span> 
     </span>
    </p>
   </div>
   <div class='ocr_carea' id='block_1_3' title="bbox 727 880 2209 1085">
    <p class='ocr_par' dir='ltr' id='par_1_3' title="bbox 727 880 2209 1085">
     <span class='ocr_line' id='line_1_4' title="bbox 1380 880 1559 946; baseline -0.011 1"><span class='ocrx_word' id='word_1_18' title='bbox 1380 880 1559 946; x_wconf 84' lang='lat' dir='ltr'><strong>x111.</strong></span> 
     </span>
     <span class='ocr_line' id='line_1_5' title="bbox 727 997 2209 1085; baseline -0.001 -1"><span class='ocrx_word' id='word_1_19' title='bbox 727 1016 1202 1085; x_wconf 70' lang='grc' dir='ltr'><em>ΕΝΙΠΕΩΣ</em></span> <span class='ocrx_word' id='word_1_20' title='bbox 1268 1018 1469 1084; x_wconf 78' lang='grc' dir='ltr'><strong><em>ΚΑΙ</em></strong></span> <span class='ocrx_word' id='word_1_21' title='bbox 1528 997 2209 1085; x_wconf 68' lang='grc' dir='ltr'><em>ΠΟΣΕΙΛΩΝΟΣ.</em></span> 
     </span>
    </p>
   </div>
   <div class='ocr_carea' id='block_1_4' title="bbox 431 1152 2516 1977">
    <p class='ocr_par' dir='ltr' id='par_1_4' title="bbox 431 1152 2516 1977">
     <span class='ocr_line' id='line_1_6' title="bbox 609 1152 2511 1242; baseline -0.002 -19"><span class='ocrx_word' id='word_1_22' title='bbox 609 1159 666 1225; x_wconf 91' lang='lat'><strong>1.</strong></span> <span class='ocrx_word' id='word_1_23' title='bbox 729 1156 1014 1223; x_wconf 88' lang='grc' dir='ltr'><strong>ΕΝΙΠ.</strong></span> <span class='ocrx_word' id='word_1_24' title='bbox 1089 1155 1195 1225; x_wconf 83' lang='grc' dir='ltr'><strong><em>Οὐ</em></strong></span> <span class='ocrx_word' id='word_1_25' title='bbox 1226 1154 1388 1222; x_wconf 78' lang='grc' dir='ltr'><strong><em>καλοὶ</em></strong></span> <span class='ocrx_word' id='word_1_26' title='bbox 1420 1163 1654 1235; x_wconf 83' lang='grc' dir='ltr'><strong><em>ταῦτα,</em></strong></span> <span class='ocrx_word' id='word_1_27' title='bbox 1706 1152 2137 1224; x_wconf 80' lang='grc' dir='ltr'><strong><em>ὦΠόσειδον·</em></strong></span> <span class='ocrx_word' id='word_1_28' title='bbox 2187 1152 2511 1242; x_wconf 79' lang='grc' dir='ltr'><strong><em>εἰρήσεται</em></strong></span> 
     </span>
     <span class='ocr_line' id='line_1_7' title="bbox 431 1258 2512 1349; baseline 0 -24"><span class='ocrx_word' id='word_1_29' title='bbox 431 1258 554 1349; x_wconf 76' lang='grc' dir='ltr'><strong><em>γὰρ</em></strong></span> <span class='ocrx_word' id='word_1_30' title='bbox 620 1260 931 1345; x_wconf 80' lang='grc' dir='ltr'><strong><em>τάληθές·</em></strong></span> <span class='ocrx_word' id='word_1_31' title='bbox 1011 1258 1327 1327; x_wconf 80' lang='grc' dir='ltr'><strong><em>ὑπελθών</em></strong></span> <span class='ocrx_word' id='word_1_32' title='bbox 1390 1286 1530 1346; x_wconf 87' lang='grc' dir='ltr'><strong><em>μου</em></strong></span> <span class='ocrx_word' id='word_1_33' title='bbox 1595 1258 1720 1347; x_wconf 75' lang='grc' dir='ltr'><strong><em>τὴν</em></strong></span> <span class='ocrx_word' id='word_1_34' title='bbox 1785 1262 2117 1347; x_wconf 74' lang='grc' dir='ltr'><strong><em>ἐρωμένην</em></strong></span> <span class='ocrx_word' id='word_1_35' title='bbox 2187 1260 2512 1334; x_wconf 79' lang='grc' dir='ltr'><strong><em>εἰκασθεὶς</em></strong></span> 
     </span>
     <span class='ocr_line' id='line_1_8' title="bbox 433 1364 2512 1455; baseline -0.001 -24"><span class='ocrx_word' id='word_1_36' title='bbox 433 1364 583 1449; x_wconf 77' lang='grc' dir='ltr'><strong><em>ἐμοὶ</em></strong></span> <span class='ocrx_word' id='word_1_37' title='bbox 631 1364 1038 1452; x_wconf 75' lang='grc' dir='ltr'><strong><em>διεκόρευσας</em></strong></span> <span class='ocrx_word' id='word_1_38' title='bbox 1081 1368 1202 1451; x_wconf 79' lang='grc' dir='ltr'><strong><em>τήν</em></strong></span> <span class='ocrx_word' id='word_1_39' title='bbox 1248 1365 1481 1432; x_wconf 76' lang='grc' dir='ltr'><strong><em>παῖδα·</em></strong></span> <span class='ocrx_word' id='word_1_40' title='bbox 1530 1365 1573 1451; x_wconf 80' lang='grc' dir='ltr'><strong><em>ἦ</em></strong></span> <span class='ocrx_word' id='word_1_41' title='bbox 1624 1366 1694 1432; x_wconf 77' lang='grc' dir='ltr'><strong><em>δὲ</em></strong></span> <span class='ocrx_word' id='word_1_42' title='bbox 1738 1364 1896 1455; x_wconf 79' lang='grc' dir='ltr'><strong><em>ᾤετο</em></strong></span> <span class='ocrx_word' id='word_1_43' title='bbox 1942 1364 2063 1433; x_wconf 77' lang='grc' dir='ltr'><strong><em>ὑπ’</em></strong></span> <span class='ocrx_word' id='word_1_44' title='bbox 2109 1370 2278 1451; x_wconf 76' lang='grc' dir='ltr'><strong><em>ἐμοῦ</em></strong></span> <span class='ocrx_word' id='word_1_45' title='bbox 2303 1371 2512 1432; x_wconf 83' lang='grc' dir='ltr'><strong><em>ταῦτα</em></strong></span> 
     </span>
     <span class='ocr_line' id='line_1_9' title="bbox 434 1467 2507 1560; baseline 0 -25"><span class='ocrx_word' id='word_1_46' title='bbox 434 1470 852 1536; x_wconf 77' lang='grc' dir='ltr'><strong><em>πεπονθέναι</em></strong></span> <span class='ocrx_word' id='word_1_47' title='bbox 917 1470 1023 1535; x_wconf 77' lang='grc' dir='ltr'><strong><em>καὶ</em></strong></span> <span class='ocrx_word' id='word_1_48' title='bbox 1092 1469 1196 1536; x_wconf 73' lang='grc' dir='ltr'><strong><em>διὰ</em></strong></span> <span class='ocrx_word' id='word_1_49' title='bbox 1262 1477 1459 1537; x_wconf 84' lang='grc' dir='ltr'><strong><em>τοῦτο</em></strong></span> <span class='ocrx_word' id='word_1_50' title='bbox 1526 1483 1832 1560; x_wconf 84' lang='grc' dir='ltr'><strong><em>παρεῖχεν</em></strong></span> <span class='ocrx_word' id='word_1_51' title='bbox 1899 1467 2164 1555; x_wconf 79' lang='grc' dir='ltr'><strong><em>ἑαυτήν.</em></strong></span> <span class='ocrx_word' id='word_1_52' title='bbox 2281 1469 2507 1536; x_wconf 90' lang='grc' dir='ltr'><strong><em>ΠΟΣ.</em></strong></span> 
     </span>
     <span class='ocr_line' id='line_1_10' title="bbox 440 1569 2516 1663; baseline -0 -23"><span class='ocrx_word' id='word_1_53' title='bbox 440 1571 515 1640; x_wconf 80' lang='grc' dir='ltr'>σύ</span> <span class='ocrx_word' id='word_1_54' title='bbox 574 1571 723 1663; x_wconf 79' lang='grc' dir='ltr'><strong><em>γὰρ,</em></strong></span> <span class='ocrx_word' id='word_1_55' title='bbox 790 1569 836 1640; x_wconf 81' lang='grc' dir='ltr'><strong><em>ὦ</em></strong></span> <span class='ocrx_word' id='word_1_56' title='bbox 876 1573 1165 1654; x_wconf 81' lang='grc' dir='ltr'><strong><em>Ἐνιπεῦ,</em></strong></span> <span class='ocrx_word' id='word_1_57' title='bbox 1232 1573 1668 1661; x_wconf 80' lang='grc' dir='ltr'><strong><em>ὑπεροπτικὸς</em></strong></span> <span class='ocrx_word' id='word_1_58' title='bbox 1725 1570 1914 1660; x_wconf 78' lang='grc' dir='ltr'><strong><em>ἦσθα</em></strong></span> <span class='ocrx_word' id='word_1_59' title='bbox 1959 1575 2065 1641; x_wconf 78' lang='grc' dir='ltr'><strong><em>καὶ</em></strong></span> <span class='ocrx_word' id='word_1_60' title='bbox 2106 1571 2377 1662; x_wconf 78' lang='grc' dir='ltr'><strong><em>βραδύς,</em></strong></span> <span class='ocrx_word' id='word_1_61' title='bbox 2443 1573 2516 1649; x_wconf 81' lang='grc' dir='ltr'><strong><em>ὃς</em></strong></span> 
     </span>
     <span class='ocr_line' id='line_1_11' title="bbox 436 1675 2516 1767; baseline 0 -24"><span class='ocrx_word' id='word_1_62' title='bbox 436 1675 631 1763; x_wconf 80' lang='grc' dir='ltr'><strong><em>κόρης</em></strong></span> <span class='ocrx_word' id='word_1_63' title='bbox 678 1678 845 1744; x_wconf 80' lang='grc' dir='ltr'><strong><em>οὕτω</em></strong></span> <span class='ocrx_word' id='word_1_64' title='bbox 891 1679 1089 1764; x_wconf 83' lang='grc' dir='ltr'><strong><em>καλῆς</em></strong></span> <span class='ocrx_word' id='word_1_65' title='bbox 1135 1676 1457 1765; x_wconf 82' lang='grc' dir='ltr'><strong><em>φοιτώσης</em></strong></span> <span class='ocrx_word' id='word_1_66' title='bbox 1504 1678 1827 1767; x_wconf 78' lang='grc' dir='ltr'><strong><em>ὁσημέραι</em></strong></span> <span class='ocrx_word' id='word_1_67' title='bbox 1871 1676 2053 1765; x_wconf 74' lang='grc' dir='ltr'><strong><em>παρὰ</em></strong></span> <span class='ocrx_word' id='word_1_68' title='bbox 2086 1682 2179 1757; x_wconf 78' lang='grc' dir='ltr'><strong><em>σὲ,</em></strong></span> <span class='ocrx_word' id='word_1_69' title='bbox 2231 1677 2516 1744; x_wconf 79' lang='grc' dir='ltr'><strong><em>ἀπολλυ·</em></strong></span> 
     </span>
     <span class='ocr_line' id='line_1_12' title="bbox 436 1780 2514 1873; baseline -0 -25"><span class='ocrx_word' id='word_1_70' title='bbox 436 1783 643 1869; x_wconf 81' lang='grc' dir='ltr'><strong><em>μένης</em></strong></span> <span class='ocrx_word' id='word_1_71' title='bbox 708 1780 842 1848; x_wconf 76' lang='grc' dir='ltr'><strong><em>ὑπὸ</em></strong></span> <span class='ocrx_word' id='word_1_72' title='bbox 900 1788 1016 1850; x_wconf 83' lang='grc' dir='ltr'><strong><em>τοῦ</em></strong></span> <span class='ocrx_word' id='word_1_73' title='bbox 1078 1781 1335 1869; x_wconf 73' lang='grc' dir='ltr'><strong><em>ἔρωτος,</em></strong></span> <span class='ocrx_word' id='word_1_74' title='bbox 1406 1782 1781 1871; x_wconf 77' lang='grc' dir='ltr'><strong><em>ὑπερεώρας</em></strong></span> <span class='ocrx_word' id='word_1_75' title='bbox 1835 1785 1941 1850; x_wconf 79' lang='grc' dir='ltr'><strong><em>καὶ</em></strong></span> <span class='ocrx_word' id='word_1_76' title='bbox 1998 1783 2238 1873; x_wconf 71' lang='grc' dir='ltr'><strong><em>ἔχαιρες</em></strong></span> <span class='ocrx_word' id='word_1_77' title='bbox 2295 1784 2514 1849; x_wconf 84' lang='grc' dir='ltr'><strong><em>λυπῶν</em></strong></span> 
     </span>
     <span class='ocr_line' id='line_1_13' title="bbox 441 1882 2513 1977; baseline 0.001 -27"><span class='ocrx_word' id='word_1_78' title='bbox 441 1882 677 1971; x_wconf 81' lang='grc' dir='ltr'><strong><em>αὐτήν·</em></strong></span> <span class='ocrx_word' id='word_1_79' title='bbox 735 1885 777 1971; x_wconf 81' lang='grc' dir='ltr'><em>ἦ</em></span> <span class='ocrx_word' id='word_1_80' title='bbox 838 1886 905 1953; x_wconf 80' lang='grc' dir='ltr'><strong><em>δὲ</em></strong></span> <span class='ocrx_word' id='word_1_81' title='bbox 951 1888 1099 1973; x_wconf 82' lang='grc' dir='ltr'><strong><em>περὶ</em></strong></span> <span class='ocrx_word' id='word_1_82' title='bbox 1142 1884 1260 1963; x_wconf 79' lang='grc' dir='ltr'><strong><em>τὰς</em></strong></span> <span class='ocrx_word' id='word_1_83' title='bbox 1304 1887 1513 1977; x_wconf 76' lang='grc' dir='ltr'><strong><em>ὄχθας</em></strong></span> <span class='ocrx_word' id='word_1_84' title='bbox 1559 1886 1850 1956; x_wconf 78' lang='grc' dir='ltr'><strong><em>ἀλύουσα</em></strong></span> <span class='ocrx_word' id='word_1_85' title='bbox 1896 1885 2201 1956; x_wconf 80' lang='grc' dir='ltr'><strong><em>ἑκάστοτε</em></strong></span> <span class='ocrx_word' id='word_1_86' title='bbox 2247 1883 2513 1974; x_wconf 77' lang='grc' dir='ltr'><strong><em>[μόνον]</em></strong></span> 
     </span>
    </p>
   </div>
   <div class='ocr_carea' id='block_1_5' title="bbox 442 2030 857 2040">
    <p class='ocr_par' dir='ltr' id='par_1_5' title="bbox 442 2030 857 2040">
     <span class='ocr_line' id='line_1_14' title="bbox 442 2030 857 2040; baseline 0 0"><span class='ocrx_word' id='word_1_87' title='bbox 442 2030 857 2040; x_wconf 95' lang='lat' dir='ltr'><strong><em> </em></strong></span> 
     </span>
    </p>
   </div>
   <div class='ocr_carea' id='block_1_6' title="bbox 441 2091 2523 2603">
    <p class='ocr_par' dir='ltr' id='par_1_6' title="bbox 441 2091 2523 2603">
     <span class='ocr_line' id='line_1_15' title="bbox 444 2091 2361 2167; baseline 0.002 -19"><span class='ocrx_word' id='word_1_88' title='bbox 444 2094 697 2164; x_wconf 78' lang='grc' dir='ltr'><strong><em>σώζομεν</em></strong></span> <span class='ocrx_word' id='word_1_89' title='bbox 745 2093 939 2165; x_wconf 73' lang='grc' dir='ltr'><strong><em>αὗτὴν]</em></strong></span> <span class='ocrx_word' id='word_1_90' title='bbox 988 2093 1242 2164; x_wconf 81' lang='grc' dir='ltr'><strong><em>σώζομεν</em></strong></span> <span class='ocrx_word' id='word_1_91' title='bbox 1288 2094 1487 2154; x_wconf 70' lang='grc' dir='ltr'><strong><em>αὐτοὺς</em></strong></span> <span class='ocrx_word' id='word_1_92' title='bbox 1518 2098 1615 2152; x_wconf 72' lang='lat'><em>5213*</em></span> <span class='ocrx_word' id='word_1_93' title='bbox 1650 2094 1753 2167; x_wconf 76' lang='lat' dir='ltr'><strong>(ita</strong></span> <span class='ocrx_word' id='word_1_94' title='bbox 1786 2096 1870 2166; x_wconf 83' lang='lat' dir='ltr'><strong>F).</strong></span> <span class='ocrx_word' id='word_1_95' title='bbox 2031 2094 2101 2164; x_wconf 72' lang='grc' dir='ltr'><strong><em>ε’ς]</em></strong></span> <span class='ocrx_word' id='word_1_96' title='bbox 2142 2091 2218 2154; x_wconf 77' lang='grc' dir='ltr'><strong><em>εἷς</em></strong></span> <span class='ocrx_word' id='word_1_97' title='bbox 2250 2098 2361 2152; x_wconf 73' lang='grc' dir='ltr'><strong><em>ΩῈ.</em></strong></span> 
     </span>
     <span class='ocr_line' id='line_1_16' title="bbox 441 2182 2380 2255; baseline 0.003 -21"><span class='ocrx_word' id='word_1_98' title='bbox 441 2182 756 2252; x_wconf 76' lang='grc' dir='ltr'><strong><em>Σεριφίοις]</em></strong></span> <span class='ocrx_word' id='word_1_99' title='bbox 774 2187 1105 2254; x_wconf 72' lang='grc' dir='ltr'><strong><em>Σεριφαίοις</em></strong></span> <span class='ocrx_word' id='word_1_100' title='bbox 1123 2183 1189 2250; x_wconf 63' lang='lat'><strong><em>21,</em></strong></span> <span class='ocrx_word' id='word_1_101' title='bbox 1227 2187 1540 2255; x_wconf 75' lang='grc' dir='ltr'><strong><em>σερριφίοις</em></strong></span> <span class='ocrx_word' id='word_1_102' title='bbox 1567 2186 1634 2237; x_wconf 80' lang='grc' dir='ltr'><strong><em>Ω.</em></strong></span> <span class='ocrx_word' id='word_1_103' title='bbox 1782 2182 2039 2252; x_wconf 82' lang='grc' dir='ltr'><strong><em>σώσουσι]</em></strong></span> <span class='ocrx_word' id='word_1_104' title='bbox 2062 2183 2301 2246; x_wconf 86' lang='grc' dir='ltr'><strong><em>σώζουσι</em></strong></span> <span class='ocrx_word' id='word_1_105' title='bbox 2318 2184 2380 2239; x_wconf 79' lang='lat' dir='ltr'><strong>F.</strong></span> 
     </span>
     <span class='ocr_line' id='line_1_17' title="bbox 446 2266 2523 2341; baseline 0 -19"><span class='ocrx_word' id='word_1_106' title='bbox 446 2266 617 2337; x_wconf 77' lang='grc' dir='ltr'><strong><em>δῆλον</em></strong></span> <span class='ocrx_word' id='word_1_107' title='bbox 664 2268 753 2324; x_wconf 78' lang='grc' dir='ltr'><strong><em>ὅτι</em></strong></span> <span class='ocrx_word' id='word_1_108' title='bbox 786 2272 848 2338; x_wconf 83' lang='grc' dir='ltr'><strong><em>Β,</em></strong></span> <span class='ocrx_word' id='word_1_109' title='bbox 900 2267 1162 2337; x_wconf 76' lang='grc' dir='ltr'><strong><em>δηλονότι</em></strong></span> <span class='ocrx_word' id='word_1_110' title='bbox 1209 2270 1303 2329; x_wconf 67' lang='lat'><strong><em>211⁴*</em></strong></span> <span class='ocrx_word' id='word_1_111' title='bbox 1339 2275 1394 2326; x_wconf 83' lang='lat' dir='ltr'><strong><em>et</em></strong></span> <span class='ocrx_word' id='word_1_112' title='bbox 1426 2291 1474 2328; x_wconf 83' lang='lat' dir='ltr'><strong>v.</strong></span> <span class='ocrx_word' id='word_1_113' title='bbox 1638 2269 1802 2341; x_wconf 74' lang='grc' dir='ltr'><strong><em>αὐτὴ]</em></strong></span> <span class='ocrx_word' id='word_1_114' title='bbox 1855 2269 1990 2336; x_wconf 73' lang='grc' dir='ltr'><strong><em>αὕτη</em></strong></span> <span class='ocrx_word' id='word_1_115' title='bbox 2030 2271 2092 2326; x_wconf 85' lang='lat' dir='ltr'><strong>F.</strong></span> <span class='ocrx_word' id='word_1_116' title='bbox 2250 2268 2423 2327; x_wconf 70' lang='grc' dir='ltr'><strong><em>οὕτως</em></strong></span> <span class='ocrx_word' id='word_1_117' title='bbox 2458 2267 2523 2322; x_wconf 72' lang='grc' dir='ltr'><strong><em>ὃν</em></strong></span> 
     </span>
     <span class='ocr_line' id='line_1_18' title="bbox 443 2354 2523 2428; baseline 0.001 -19"><span class='ocrx_word' id='word_1_118' title='bbox 443 2354 635 2426; x_wconf 75' lang='grc' dir='ltr'><strong><em>καλὸν]</em></strong></span> <span class='ocrx_word' id='word_1_119' title='bbox 686 2356 829 2412; x_wconf 74' lang='grc' dir='ltr'><strong><em>οὕτω</em></strong></span> <span class='ocrx_word' id='word_1_120' title='bbox 876 2356 1047 2412; x_wconf 77' lang='grc' dir='ltr'><strong><em>καλὸν</em></strong></span> <span class='ocrx_word' id='word_1_121' title='bbox 1094 2355 1158 2413; x_wconf 73' lang='grc' dir='ltr'><strong><em>ὃν</em></strong></span> <span class='ocrx_word' id='word_1_122' title='bbox 1201 2361 1268 2411; x_wconf 79' lang='grc' dir='ltr'><strong><em>Ω.</em></strong></span> <span class='ocrx_word' id='word_1_123' title='bbox 1343 2362 1580 2414; x_wconf 74' lang='lat' dir='ltr'><strong>ceterum</strong></span> <span class='ocrx_word' id='word_1_124' title='bbox 1624 2359 1684 2413; x_wconf 86' lang='lat' dir='ltr'><strong>in</strong></span> <span class='ocrx_word' id='word_1_125' title='bbox 1718 2356 1769 2415; x_wconf 61' lang='lat'><strong><em>21</em></strong></span> <span class='ocrx_word' id='word_1_126' title='bbox 1814 2359 2012 2428; x_wconf 81' lang='lat' dir='ltr'>dialogi</span> <span class='ocrx_word' id='word_1_127' title='bbox 2045 2358 2213 2421; x_wconf 61' lang='grc' dir='ltr'>ΧΠΒΞ</span> <span class='ocrx_word' id='word_1_128' title='bbox 2248 2360 2305 2413; x_wconf 76' lang='lat' dir='ltr'><strong><em>et</em></strong></span> <span class='ocrx_word' id='word_1_129' title='bbox 2336 2357 2523 2417; x_wconf 69' lang='lat' dir='ltr'><strong><em>XIV11-¹³</em></strong></span> 
     </span>
     <span class='ocr_line' id='line_1_19' title="bbox 445 2442 2522 2517; baseline -0 -19"><span class='ocrx_word' id='word_1_130' title='bbox 445 2446 696 2499; x_wconf 77' lang='lat' dir='ltr'><strong>continuo</strong></span> <span class='ocrx_word' id='word_1_131' title='bbox 733 2463 790 2501; x_wconf 88' lang='lat' dir='ltr'><strong><em>se</em></strong></span> <span class='ocrx_word' id='word_1_132' title='bbox 824 2446 1098 2517; x_wconf 81' lang='lat' dir='ltr'><strong>excipiunt</strong></span> <span class='ocrx_word' id='word_1_133' title='bbox 1113 2447 1287 2501; x_wconf 89' lang='lat' dir='ltr'><strong>medio</strong></span> <span class='ocrx_word' id='word_1_134' title='bbox 1323 2448 1417 2517; x_wconf 83' lang='lat' dir='ltr'><strong>qui</strong></span> <span class='ocrx_word' id='word_1_135' title='bbox 1432 2442 1576 2501; x_wconf 77' lang='lat' dir='ltr'><strong>nimo</strong></span> <span class='ocrx_word' id='word_1_136' title='bbox 1604 2449 1689 2500; x_wconf 85' lang='lat' dir='ltr'><strong><em>est</em></strong></span> <span class='ocrx_word' id='word_1_137' title='bbox 1703 2446 1899 2508; x_wconf 59' lang='grc' dir='ltr'><strong><em>ΧΙΠῦ-εῑ</em></strong></span> <span class='ocrx_word' id='word_1_138' title='bbox 1932 2446 2332 2516; x_wconf 83' lang='lat' dir='ltr'><strong>praetermisso:</strong></span> <span class='ocrx_word' id='word_1_139' title='bbox 2366 2460 2522 2513; x_wconf 91' lang='lat' dir='ltr'><strong>quem</strong></span> 
     </span>
     <span class='ocr_line' id='line_1_20' title="bbox 446 2531 2521 2603; baseline 0 -18"><span class='ocrx_word' id='word_1_140' title='bbox 446 2531 682 2586; x_wconf 82' lang='lat' dir='ltr'><strong>ordinem</strong></span> <span class='ocrx_word' id='word_1_141' title='bbox 720 2533 989 2587; x_wconf 89' lang='lat' dir='ltr'><strong>meliorem</strong></span> <span class='ocrx_word' id='word_1_142' title='bbox 1030 2536 1162 2603; x_wconf 89' lang='lat' dir='ltr'><strong>puto</strong></span> <span class='ocrx_word' id='word_1_143' title='bbox 1210 2536 1267 2588; x_wconf 87' lang='lat' dir='ltr'><strong><em>et</em></strong></span> <span class='ocrx_word' id='word_1_144' title='bbox 1313 2534 1547 2588; x_wconf 78' lang='lat' dir='ltr'><strong>Luciano</strong></span> <span class='ocrx_word' id='word_1_145' title='bbox 1594 2533 1902 2602; x_wconf 76' lang='lat' dir='ltr'><strong>digniorem.</strong></span> <span class='ocrx_word' id='word_1_146' title='bbox 1973 2549 2096 2587; x_wconf 90' lang='lat' dir='ltr'><strong><em>nam</em></strong></span> <span class='ocrx_word' id='word_1_147' title='bbox 2138 2534 2362 2601; x_wconf 87' lang='lat' dir='ltr'><strong>uterque</strong></span> <span class='ocrx_word' id='word_1_148' title='bbox 2408 2531 2521 2585; x_wconf 83' lang='lat' dir='ltr'><strong>dia-</strong></span> 
     </span>
    </p>
   </div>
   <div class='ocr_carea' id='block_1_7' title="bbox 444 2616 2523 2779">
    <p class='ocr_par' dir='ltr' id='par_1_7' title="bbox 444 2616 2523 2779">
     <span class='ocr_line' id='line_1_21' title="bbox 444 2616 2523 2690; baseline -0 -17"><span class='ocrx_word' id='word_1_149' title='bbox 444 2619 597 2689; x_wconf 88' lang='lat' dir='ltr'><strong>logus</strong></span> <span class='ocrx_word' id='word_1_150' title='bbox 636 2618 864 2689; x_wconf 89' lang='lat' dir='ltr'><strong>(medius</strong></span> <span class='ocrx_word' id='word_1_151' title='bbox 899 2639 1007 2676; x_wconf 90' lang='lat' dir='ltr'><strong><em>non</em></strong></span> <span class='ocrx_word' id='word_1_152' title='bbox 1040 2619 1191 2690; x_wconf 88' lang='lat' dir='ltr'><strong>item)</strong></span> <span class='ocrx_word' id='word_1_153' title='bbox 1237 2623 1296 2675; x_wconf 91' lang='lat' dir='ltr'><strong>in</strong></span> <span class='ocrx_word' id='word_1_154' title='bbox 1331 2622 1515 2677; x_wconf 89' lang='lat' dir='ltr'><strong>Persei</strong></span> <span class='ocrx_word' id='word_1_155' title='bbox 1548 2623 1710 2676; x_wconf 86' lang='lat' dir='ltr'><strong>rebus</strong></span> <span class='ocrx_word' id='word_1_156' title='bbox 1745 2623 1999 2687; x_wconf 83' lang='lat' dir='ltr'><strong>versatur,</strong></span> <span class='ocrx_word' id='word_1_157' title='bbox 2043 2620 2188 2690; x_wconf 88' lang='lat' dir='ltr'><strong>prior</strong></span> <span class='ocrx_word' id='word_1_158' title='bbox 2221 2618 2287 2674; x_wconf 89' lang='lat' dir='ltr'><strong><em>de</em></strong></span> <span class='ocrx_word' id='word_1_159' title='bbox 2318 2616 2523 2673; x_wconf 85' lang='lat' dir='ltr'><strong>infante</strong></span> 
     </span>
     <span class='ocr_line' id='line_1_22' title="bbox 446 2708 1295 2779; baseline 0.001 -16"><span class='ocrx_word' id='word_1_160' title='bbox 446 2709 575 2776; x_wconf 80' lang='lat' dir='ltr'><strong>agit,</strong></span> <span class='ocrx_word' id='word_1_161' title='bbox 610 2708 747 2763; x_wconf 86' lang='lat' dir='ltr'><strong>alter</strong></span> <span class='ocrx_word' id='word_1_162' title='bbox 780 2709 845 2763; x_wconf 88' lang='lat' dir='ltr'><strong><em>de</em></strong></span> <span class='ocrx_word' id='word_1_163' title='bbox 879 2709 1061 2764; x_wconf 87' lang='lat' dir='ltr'><strong>eodem</strong></span> <span class='ocrx_word' id='word_1_164' title='bbox 1089 2710 1295 2779; x_wconf 86' lang='lat' dir='ltr'><strong>juvene.</strong></span> 
     </span>
    </p>
   </div>
   <div class='ocr_carea' id='block_1_8' title="bbox 1404 2864 1563 2919">
    <p class='ocr_par' dir='ltr' id='par_1_8' title="bbox 1404 2864 1563 2919">
     <span class='ocr_line' id='line_1_23' title="bbox 1404 2864 1563 2919; baseline 0 0"><span class='ocrx_word' id='word_1_165' title='bbox 1404 2864 1563 2919; x_wconf 81' lang='lat' dir='ltr'><strong><em>xm.</em></strong></span> 
     </span>
    </p>
   </div>
   <div class='ocr_carea' id='block_1_9' title="bbox 449 2963 2526 3125">
    <p class='ocr_par' dir='ltr' id='par_1_9' title="bbox 449 2963 2526 3125">
     <span class='ocr_line' id='line_1_24' title="bbox 585 2963 2524 3034; baseline 0 -12"><span class='ocrx_word' id='word_1_166' title='bbox 585 2972 934 3023; x_wconf 83' lang='grc' dir='ltr'><em>ΕΝΙΠΕΩΣ</em></span> <span class='ocrx_word' id='word_1_167' title='bbox 973 2972 1118 3022; x_wconf 81' lang='grc' dir='ltr'><strong><em>ΚΑΙ</em></strong></span> <span class='ocrx_word' id='word_1_168' title='bbox 1157 2970 1653 3023; x_wconf 80' lang='grc' dir='ltr'><em>ΠΟΣΕΙΔΩΝΟΣ</em></span> <span class='ocrx_word' id='word_1_169' title='bbox 1692 2969 1756 3034; x_wconf 92' lang='grc' dir='ltr'><strong><em>Β,</em></strong></span> <span class='ocrx_word' id='word_1_170' title='bbox 1815 2966 2046 3024; x_wconf 72' lang='grc' dir='ltr'><strong><em>ἐνιπεὺς.</em></strong></span> <span class='ocrx_word' id='word_1_171' title='bbox 2119 2963 2419 3020; x_wconf 79' lang='grc' dir='ltr'><strong><em>Ποσειδῶν</em></strong></span> <span class='ocrx_word' id='word_1_172' title='bbox 2459 2966 2524 3032; x_wconf 88' lang='grc' dir='ltr'><strong><em>Α,</em></strong></span> 
     </span>
     <span class='ocr_line' id='line_1_25' title="bbox 449 3051 2526 3125; baseline -0.002 -15"><span class='ocrx_word' id='word_1_173' title='bbox 449 3053 749 3110; x_wconf 77' lang='grc' dir='ltr'><strong><em>Ποσειδῶν</em></strong></span> <span class='ocrx_word' id='word_1_174' title='bbox 781 3064 875 3109; x_wconf 79' lang='grc' dir='ltr'><strong><em>καὶ</em></strong></span> <span class='ocrx_word' id='word_1_175' title='bbox 904 3054 1164 3113; x_wconf 74' lang='grc' dir='ltr'><strong><em>Ἐνιπεὺς</em></strong></span> <span class='ocrx_word' id='word_1_176' title='bbox 1200 3054 1484 3125; x_wconf 73' lang='grc' dir='ltr'><strong><em>(ἔνιππεὺς</em></strong></span> <span class='ocrx_word' id='word_1_177' title='bbox 1510 3055 1578 3124; x_wconf 84' lang='lat' dir='ltr'><strong><em>F)</em></strong></span> <span class='ocrx_word' id='word_1_178' title='bbox 1613 3056 1724 3121; x_wconf 67' lang='grc' dir='ltr'><strong><em>ΩΒ,</em></strong></span> <span class='ocrx_word' id='word_1_179' title='bbox 1758 3051 2120 3110; x_wconf 69' lang='grc' dir='ltr'><strong><em>Ποσειδῶνος</em></strong></span> <span class='ocrx_word' id='word_1_180' title='bbox 2153 3059 2247 3106; x_wconf 77' lang='grc' dir='ltr'><strong><em>καὶ</em></strong></span> <span class='ocrx_word' id='word_1_181' title='bbox 2269 3051 2526 3111; x_wconf 74' lang='grc' dir='ltr'><strong><em>Ἐνιπέως</em></strong></span> 
     </span>
    </p>
   </div>
   <div class='ocr_carea' id='block_1_10' title="bbox 451 3140 1659 3213">
    <p class='ocr_par' dir='ltr' id='par_1_10' title="bbox 451 3140 1659 3213">
     <span class='ocr_line' id='line_1_26' title="bbox 451 3140 1659 3213; baseline -0.002 -15"><span class='ocrx_word' id='word_1_182' title='bbox 451 3162 500 3200; x_wconf 90' lang='lat' dir='ltr'><strong>v.</strong></span> <span class='ocrx_word' id='word_1_183' title='bbox 572 3144 817 3198; x_wconf 78' lang='lat' dir='ltr'><strong>ridentur</strong></span> <span class='ocrx_word' id='word_1_184' title='bbox 849 3144 1130 3199; x_wconf 79' lang='lat' dir='ltr'><strong>Homerica</strong></span> <span class='ocrx_word' id='word_1_185' title='bbox 1163 3142 1261 3198; x_wconf 91' lang='lat' dir='ltr'><strong>Od.</strong></span> <span class='ocrx_word' id='word_1_186' title='bbox 1300 3140 1362 3206; x_wconf 86' lang='grc' dir='ltr'><strong><em>λ’,</em></strong></span> <span class='ocrx_word' id='word_1_187' title='bbox 1403 3145 1506 3199; x_wconf 82' lang='lat'><strong><em>235</em></strong></span> <span class='ocrx_word' id='word_1_188' title='bbox 1543 3160 1659 3213; x_wconf 89' lang='lat' dir='ltr'><strong>sqq.</strong></span> 
     </span>
    </p>
   </div>
   <div class='ocr_carea' id='block_1_11' title="bbox 451 3234 2533 4099">
    <p class='ocr_par' dir='ltr' id='par_1_11' title="bbox 451 3234 2533 4099">
     <span class='ocr_line' id='line_1_27' title="bbox 594 3234 2525 3318; baseline -0.003 -14"><span class='ocrx_word' id='word_1_189' title='bbox 594 3251 640 3304; x_wconf 93' lang='lat'><strong>1.</strong></span> <span class='ocrx_word' id='word_1_190' title='bbox 707 3245 949 3318; x_wconf 76' lang='lat' dir='ltr'><strong><em>&#39;ENIILJ</em></strong></span> <span class='ocrx_word' id='word_1_191' title='bbox 988 3245 1171 3300; x_wconf 77' lang='grc' dir='ltr'><strong><em>ἕνιππ.</em></strong></span> <span class='ocrx_word' id='word_1_192' title='bbox 1211 3249 1273 3313; x_wconf 84' lang='lat' dir='ltr'><strong><em>F,</em></strong></span> <span class='ocrx_word' id='word_1_193' title='bbox 1320 3248 1415 3318; x_wconf 88' lang='lat' dir='ltr'><strong>qui</strong></span> <span class='ocrx_word' id='word_1_194' title='bbox 1451 3234 1505 3300; x_wconf 55' lang='lat' dir='ltr'>ff</span> <span class='ocrx_word' id='word_1_195' title='bbox 1536 3247 1773 3317; x_wconf 74' lang='lat' dir='ltr'><strong>duplicat</strong></span> <span class='ocrx_word' id='word_1_196' title='bbox 1820 3249 1935 3300; x_wconf 88' lang='lat' dir='ltr'><strong>toto</strong></span> <span class='ocrx_word' id='word_1_197' title='bbox 1974 3246 2198 3316; x_wconf 75' lang='lat' dir='ltr'><strong>dialogo,</strong></span> <span class='ocrx_word' id='word_1_198' title='bbox 2343 3243 2525 3301; x_wconf 79' lang='grc' dir='ltr'><strong><em>διεκό-</em></strong></span> 
     </span>
     <span class='ocr_line' id='line_1_28' title="bbox 453 3331 2374 3403; baseline 0.001 -16"><span class='ocrx_word' id='word_1_199' title='bbox 453 3353 651 3403; x_wconf 75' lang='grc' dir='ltr'><strong><em>ρευσας</em></strong></span> <span class='ocrx_word' id='word_1_200' title='bbox 682 3335 745 3401; x_wconf 89' lang='grc' dir='ltr'><strong><em>Β,</em></strong></span> <span class='ocrx_word' id='word_1_201' title='bbox 797 3331 1128 3402; x_wconf 72' lang='grc' dir='ltr'><strong><em>διεκόρησαο</em></strong></span> <span class='ocrx_word' id='word_1_202' title='bbox 1161 3335 1256 3388; x_wconf 70' lang='grc' dir='ltr'><strong><em>ΩΒ</em></strong></span> <span class='ocrx_word' id='word_1_203' title='bbox 1292 3337 1348 3388; x_wconf 74' lang='lat' dir='ltr'><strong><em>et</em></strong></span> <span class='ocrx_word' id='word_1_204' title='bbox 1381 3353 1428 3391; x_wconf 88' lang='lat' dir='ltr'><strong>v.</strong></span> <span class='ocrx_word' id='word_1_205' title='bbox 1586 3332 1778 3401; x_wconf 74' lang='grc' dir='ltr'><strong><em>ταῦτα]</em></strong></span> <span class='ocrx_word' id='word_1_206' title='bbox 1818 3331 1954 3386; x_wconf 57' lang='lat' dir='ltr'><strong><em>aiut&amp;</em></strong></span> <span class='ocrx_word' id='word_1_207' title='bbox 1988 3336 2056 3396; x_wconf 81' lang='grc' dir='ltr'><strong><em>Ω,</em></strong></span> <span class='ocrx_word' id='word_1_208' title='bbox 2105 3332 2272 3386; x_wconf 70' lang='grc' dir='ltr'><strong><em>τοῦτο</em></strong></span> <span class='ocrx_word' id='word_1_209' title='bbox 2311 3336 2374 3389; x_wconf 81' lang='lat' dir='ltr'><strong>F.</strong></span> 
     </span>
     <span class='ocr_line' id='line_1_29' title="bbox 455 3417 2529 3490; baseline 0.001 -16"><span class='ocrx_word' id='word_1_210' title='bbox 455 3417 716 3474; x_wconf 76' lang='grc' dir='ltr'><strong><em>ὃιατοῐὶτο</em></strong></span> <span class='ocrx_word' id='word_1_211' title='bbox 752 3421 846 3475; x_wconf 84' lang='lat' dir='ltr'><strong><em>BF</em></strong></span> <span class='ocrx_word' id='word_1_212' title='bbox 879 3421 971 3474; x_wconf 82' lang='lat' dir='ltr'><strong><em>hic</em></strong></span> <span class='ocrx_word' id='word_1_213' title='bbox 1008 3423 1063 3475; x_wconf 84' lang='lat' dir='ltr'><strong><em>et</em></strong></span> <span class='ocrx_word' id='word_1_214' title='bbox 1095 3419 1236 3473; x_wconf 81' lang='lat' dir='ltr'><strong>infra</strong></span> <span class='ocrx_word' id='word_1_215' title='bbox 1269 3419 1301 3487; x_wconf 62' lang='grc' dir='ltr'><strong>ξ</strong></span> <span class='ocrx_word' id='word_1_216' title='bbox 1336 3422 1385 3475; x_wconf 85' lang='grc'><strong><em>2.</em></strong></span> <span class='ocrx_word' id='word_1_217' title='bbox 1524 3420 1790 3490; x_wconf 78' lang='grc' dir='ltr'><strong><em>παρεῖχεν</em></strong></span> <span class='ocrx_word' id='word_1_218' title='bbox 1824 3419 2027 3488; x_wconf 81' lang='grc' dir='ltr'><strong><em>ἑαυτήν</em></strong></span> <span class='ocrx_word' id='word_1_219' title='bbox 2066 3421 2376 3480; x_wconf 82' lang='lat' dir='ltr'><strong>mutandum</strong></span> <span class='ocrx_word' id='word_1_220' title='bbox 2412 3439 2529 3477; x_wconf 80' lang='lat' dir='ltr'><strong>esso</strong></span> 
     </span>
     <span class='ocr_line' id='line_1_30' title="bbox 451 3505 2531 3578; baseline 0 -17"><span class='ocrx_word' id='word_1_221' title='bbox 451 3525 605 3576; x_wconf 82' lang='lat' dir='ltr'><strong>nego,</strong></span> <span class='ocrx_word' id='word_1_222' title='bbox 679 3505 881 3575; x_wconf 81' lang='grc' dir='ltr'><strong><em>ἑαυτήν</em></strong></span> <span class='ocrx_word' id='word_1_223' title='bbox 915 3506 1125 3561; x_wconf 88' lang='lat' dir='ltr'><strong>delebat</strong></span> <span class='ocrx_word' id='word_1_224' title='bbox 1159 3506 1391 3561; x_wconf 79' lang='lat' dir='ltr'><strong>Cobetus</strong></span> <span class='ocrx_word' id='word_1_225' title='bbox 1426 3508 1493 3563; x_wconf 88' lang='lat' dir='ltr'><strong><em>V.</em></strong></span> <span class='ocrx_word' id='word_1_226' title='bbox 1531 3508 1594 3561; x_wconf 90' lang='lat' dir='ltr'><strong><em>L.</em></strong></span> <span class='ocrx_word' id='word_1_227' title='bbox 1613 3524 1665 3578; x_wconf 89' lang='lat' dir='ltr'><strong><em>p.</em></strong></span> <span class='ocrx_word' id='word_1_228' title='bbox 1686 3509 1788 3564; x_wconf 81' lang='lat'><strong><em>295</em></strong></span> <span class='ocrx_word' id='word_1_229' title='bbox 1824 3508 2080 3578; x_wconf 76' lang='lat' dir='ltr'><strong>probante</strong></span> <span class='ocrx_word' id='word_1_230' title='bbox 2115 3508 2402 3564; x_wconf 85' lang='lat' dir='ltr'><strong>Dindorfl0.</strong></span> <span class='ocrx_word' id='word_1_231' title='bbox 2474 3511 2531 3563; x_wconf 85' lang='lat' dir='ltr'><strong><em>at</em></strong></span> 
     </span>
     <span class='ocr_line' id='line_1_31' title="bbox 452 3594 2528 3665; baseline 0.001 -16"><span class='ocrx_word' id='word_1_232' title='bbox 452 3595 554 3649; x_wconf 81' lang='lat' dir='ltr'><strong><em>hoc</em></strong></span> <span class='ocrx_word' id='word_1_233' title='bbox 590 3598 675 3649; x_wconf 88' lang='lat' dir='ltr'><strong><em>est</em></strong></span> <span class='ocrx_word' id='word_1_234' title='bbox 709 3595 966 3649; x_wconf 79' lang='lat' dir='ltr'><strong>obscoene</strong></span> <span class='ocrx_word' id='word_1_235' title='bbox 1002 3594 1205 3648; x_wconf 82' lang='lat' dir='ltr'><strong>dictum</strong></span> <span class='ocrx_word' id='word_1_236' title='bbox 1237 3594 1384 3648; x_wconf 88' lang='lat' dir='ltr'><strong>velut</strong></span> <span class='ocrx_word' id='word_1_237' title='bbox 1428 3594 1488 3648; x_wconf 90' lang='lat' dir='ltr'><strong>in</strong></span> <span class='ocrx_word' id='word_1_238' title='bbox 1532 3596 1599 3648; x_wconf 93' lang='lat' dir='ltr'><strong><em>D.</em></strong></span> <span class='ocrx_word' id='word_1_239' title='bbox 1638 3595 1768 3649; x_wconf 90' lang='lat' dir='ltr'><strong>Mer.</strong></span> <span class='ocrx_word' id='word_1_240' title='bbox 1807 3596 1855 3659; x_wconf 89' lang='lat'><strong><em>5,</em></strong></span> <span class='ocrx_word' id='word_1_241' title='bbox 1890 3597 1926 3650; x_wconf 89' lang='lat'>4</span> <span class='ocrx_word' id='word_1_242' title='bbox 1972 3597 2027 3649; x_wconf 91' lang='lat' dir='ltr'><strong><em>et</em></strong></span> <span class='ocrx_word' id='word_1_243' title='bbox 2071 3594 2130 3649; x_wconf 91' lang='lat' dir='ltr'><strong>in</strong></span> <span class='ocrx_word' id='word_1_244' title='bbox 2163 3594 2255 3650; x_wconf 85' lang='lat' dir='ltr'><strong>Ar.</strong></span> <span class='ocrx_word' id='word_1_245' title='bbox 2298 3596 2528 3665; x_wconf 87' lang='lat' dir='ltr'><strong>Lysistr.</strong></span> 
     </span>
     <span class='ocr_line' id='line_1_32' title="bbox 453 3680 2529 3751; baseline -0.001 -13"><span class='ocrx_word' id='word_1_246' title='bbox 453 3701 503 3738; x_wconf 85' lang='lat' dir='ltr'><strong>v.</strong></span> <span class='ocrx_word' id='word_1_247' title='bbox 543 3684 646 3739; x_wconf 88' lang='grc'><strong><em>162</em></strong></span> <span class='ocrx_word' id='word_1_248' title='bbox 682 3684 737 3736; x_wconf 92' lang='lat' dir='ltr'><strong><em>et</em></strong></span> <span class='ocrx_word' id='word_1_249' title='bbox 769 3700 817 3736; x_wconf 83' lang='lat' dir='ltr'><strong>v.</strong></span> <span class='ocrx_word' id='word_1_250' title='bbox 855 3683 959 3747; x_wconf 71' lang='lat'><strong><em>227</em></strong></span> <span class='ocrx_word' id='word_1_251' title='bbox 995 3698 1074 3750; x_wconf 87' lang='lat' dir='ltr'><strong>sq.</strong></span> <span class='ocrx_word' id='word_1_252' title='bbox 1146 3697 1318 3750; x_wconf 89' lang='lat' dir='ltr'><strong>neque</strong></span> <span class='ocrx_word' id='word_1_253' title='bbox 1352 3680 1616 3751; x_wconf 89' lang='lat' dir='ltr'><strong>Enipeum</strong></span> <span class='ocrx_word' id='word_1_254' title='bbox 1660 3683 1905 3735; x_wconf 83' lang='lat' dir='ltr'><strong>nostrum</strong></span> <span class='ocrx_word' id='word_1_255' title='bbox 1950 3682 2083 3735; x_wconf 81' lang='lat' dir='ltr'><strong>satis</strong></span> <span class='ocrx_word' id='word_1_256' title='bbox 2131 3681 2283 3735; x_wconf 81' lang='lat' dir='ltr'><strong>decet</strong></span> <span class='ocrx_word' id='word_1_257' title='bbox 2329 3684 2529 3736; x_wconf 86' lang='lat' dir='ltr'><strong>amato-</strong></span> 
     </span>
     <span class='ocr_line' id='line_1_33' title="bbox 453 3765 2532 3837; baseline -0 -14"><span class='ocrx_word' id='word_1_258' title='bbox 453 3785 566 3822; x_wconf 88' lang='lat' dir='ltr'><strong><em>rem</em></strong></span> <span class='ocrx_word' id='word_1_259' title='bbox 614 3769 912 3834; x_wconf 86' lang='lat' dir='ltr'><strong>honestum‚</strong></span> <span class='ocrx_word' id='word_1_260' title='bbox 959 3784 1116 3837; x_wconf 88' lang='lat' dir='ltr'><strong>quem</strong></span> <span class='ocrx_word' id='word_1_261' title='bbox 1168 3784 1291 3822; x_wconf 83' lang='lat' dir='ltr'><strong>eave</strong></span> <span class='ocrx_word' id='word_1_262' title='bbox 1343 3784 1464 3821; x_wconf 83' lang='lat' dir='ltr'><strong><em>eum</em></strong></span> <span class='ocrx_word' id='word_1_263' title='bbox 1517 3766 1754 3837; x_wconf 85' lang='lat' dir='ltr'><strong>,Enipeo‘</strong></span> <span class='ocrx_word' id='word_1_264' title='bbox 1806 3765 2099 3821; x_wconf 81' lang='lat' dir='ltr'><strong>confundas</strong></span> <span class='ocrx_word' id='word_1_265' title='bbox 2135 3768 2426 3822; x_wconf 86' lang='lat' dir='ltr'><strong>Horatiano</strong></span> <span class='ocrx_word' id='word_1_266' title='bbox 2472 3769 2532 3822; x_wconf 93' lang='lat' dir='ltr'><strong>in</strong></span> 
     </span>
     <span class='ocr_line' id='line_1_34' title="bbox 456 3851 2531 3925; baseline -0.001 -15"><span class='ocrx_word' id='word_1_267' title='bbox 456 3855 628 3911; x_wconf 86' lang='lat' dir='ltr'><strong>Carm.</strong></span> <span class='ocrx_word' id='word_1_268' title='bbox 665 3855 771 3922; x_wconf 87' lang='grc' dir='ltr'><strong><em>ΠΙ,</em></strong></span> <span class='ocrx_word' id='word_1_269' title='bbox 808 3858 856 3921; x_wconf 87' lang='grc'><strong><em>7,</em></strong></span> <span class='ocrx_word' id='word_1_270' title='bbox 892 3857 976 3911; x_wconf 85' lang='grc'><strong><em>23.</em></strong></span> <span class='ocrx_word' id='word_1_271' title='bbox 1121 3852 1179 3911; x_wconf 74' lang='grc' dir='ltr'><strong><em>ὃς</em></strong></span> <span class='ocrx_word' id='word_1_272' title='bbox 1213 3852 1405 3923; x_wconf 74' lang='grc' dir='ltr'><strong><em>κόρης]</em></strong></span> <span class='ocrx_word' id='word_1_273' title='bbox 1444 3852 1502 3911; x_wconf 73' lang='grc' dir='ltr'><strong><em>ὃς</em></strong></span> <span class='ocrx_word' id='word_1_274' title='bbox 1537 3872 1623 3909; x_wconf 92' lang='lat' dir='ltr'><strong><em>om</em></strong></span> <span class='ocrx_word' id='word_1_275' title='bbox 1647 3856 1759 3910; x_wconf 75' lang='grc' dir='ltr'><strong><em>ΩῈ.</em></strong></span> <span class='ocrx_word' id='word_1_276' title='bbox 1902 3851 2248 3925; x_wconf 75' lang='grc' dir='ltr'><strong><em>ὑπερεώρας]</em></strong></span> <span class='ocrx_word' id='word_1_277' title='bbox 2282 3852 2531 3925; x_wconf 74' lang='grc' dir='ltr'><strong><em>ὑπερεώ-</em></strong></span> 
     </span>
     <span class='ocr_line' id='line_1_35' title="bbox 458 3937 2533 4011; baseline 0 -17"><span class='ocrx_word' id='word_1_278' title='bbox 458 3962 632 4010; x_wconf 75' lang='grc' dir='ltr'><strong><em>ρακας</em></strong></span> <span class='ocrx_word' id='word_1_279' title='bbox 662 3943 725 3997; x_wconf 92' lang='grc' dir='ltr'><strong><em>Β.</em></strong></span> <span class='ocrx_word' id='word_1_280' title='bbox 876 3948 1009 4010; x_wconf 87' lang='grc' dir='ltr'><strong><em>περὶ</em></strong></span> <span class='ocrx_word' id='word_1_281' title='bbox 1040 3942 1291 4007; x_wconf 73' lang='grc' dir='ltr'><em>ΒΔΟΩΕ,</em></span> <span class='ocrx_word' id='word_1_282' title='bbox 1337 3940 1495 4011; x_wconf 79' lang='grc' dir='ltr'><strong><em>παρὰ</em></strong></span> <span class='ocrx_word' id='word_1_283' title='bbox 1542 3942 1661 3998; x_wconf 79' lang='lat' dir='ltr'><strong>edd.</strong></span> <span class='ocrx_word' id='word_1_284' title='bbox 1697 3945 1826 3997; x_wconf 73' lang='lat' dir='ltr'><strong>vett.</strong></span> <span class='ocrx_word' id='word_1_285' title='bbox 1984 3937 2250 4011; x_wconf 74' lang='grc' dir='ltr'><strong><em>ἀλύουσα]</em></strong></span> <span class='ocrx_word' id='word_1_286' title='bbox 2291 3939 2533 3995; x_wconf 77' lang='grc' dir='ltr'><strong><em>ἁλῦουσα</em></strong></span> 
     </span>
     <span class='ocr_line' id='line_1_36' title="bbox 456 4025 2532 4099; baseline 0 -16"><span class='ocrx_word' id='word_1_287' title='bbox 456 4029 503 4084; x_wconf 92' lang='grc' dir='ltr'>Β</span> <span class='ocrx_word' id='word_1_288' title='bbox 540 4032 597 4083; x_wconf 86' lang='lat' dir='ltr'><strong><em>et</em></strong></span> <span class='ocrx_word' id='word_1_289' title='bbox 625 4028 869 4083; x_wconf 78' lang='lat' dir='ltr'><strong>fortassis</strong></span> <span class='ocrx_word' id='word_1_290' title='bbox 903 4030 970 4080; x_wconf 81' lang='grc' dir='ltr'><strong><em>Ω.</em></strong></span> <span class='ocrx_word' id='word_1_291' title='bbox 1045 4031 1170 4099; x_wconf 87' lang='lat' dir='ltr'><strong>post</strong></span> <span class='ocrx_word' id='word_1_292' title='bbox 1204 4025 1446 4081; x_wconf 74' lang='grc' dir='ltr'><strong><em>ἀλύουσα</em></strong></span> <span class='ocrx_word' id='word_1_293' title='bbox 1496 4046 1594 4097; x_wconf 88' lang='lat' dir='ltr'><strong><em>ego</em></strong></span> <span class='ocrx_word' id='word_1_294' title='bbox 1640 4029 1772 4084; x_wconf 84' lang='lat' dir='ltr'><strong>haee</strong></span> <span class='ocrx_word' id='word_1_295' title='bbox 1804 4029 1965 4083; x_wconf 85' lang='lat' dir='ltr'><strong>verba</strong></span> <span class='ocrx_word' id='word_1_296' title='bbox 1996 4029 2222 4083; x_wconf 88' lang='lat' dir='ltr'><strong>inserui:</strong></span> <span class='ocrx_word' id='word_1_297' title='bbox 2271 4028 2532 4083; x_wconf 81' lang='grc' dir='ltr'><strong><em>ἑκάστοτε</em></strong></span> 
     </span>
    </p>
   </div>
   <div class='ocr_carea' id='block_1_12' title="bbox 457 4113 2537 4361">
    <p class='ocr_par' dir='ltr' id='par_1_12' title="bbox 457 4113 2537 4361">
     <span class='ocr_line' id='line_1_37' title="bbox 457 4113 2535 4187; baseline 0.001 -19"><span class='ocrx_word' id='word_1_298' title='bbox 457 4113 634 4184; x_wconf 84' lang='grc' dir='ltr'><strong><em>μόνον</em></strong></span> <span class='ocrx_word' id='word_1_299' title='bbox 670 4113 770 4168; x_wconf 75' lang='grc' dir='ltr'><strong><em>οὐκ</em></strong></span> <span class='ocrx_word' id='word_1_300' title='bbox 808 4113 979 4183; x_wconf 77' lang='grc' dir='ltr'><strong><em>εἴχετό</em></strong></span> <span class='ocrx_word' id='word_1_301' title='bbox 1021 4135 1117 4168; x_wconf 84' lang='grc' dir='ltr'><strong><em>σου</em></strong></span> <span class='ocrx_word' id='word_1_302' title='bbox 1155 4116 1208 4170; x_wconf 89' lang='lat' dir='ltr'><strong>h.</strong></span> <span class='ocrx_word' id='word_1_303' title='bbox 1243 4134 1317 4170; x_wconf 85' lang='lat' dir='ltr'><strong>e.:</strong></span> <span class='ocrx_word' id='word_1_304' title='bbox 1365 4116 1521 4185; x_wconf 85' lang='lat' dir='ltr'><strong>‚Tyro</strong></span> <span class='ocrx_word' id='word_1_305' title='bbox 1556 4119 1612 4170; x_wconf 87' lang='lat' dir='ltr'><strong><em>te</em></strong></span> <span class='ocrx_word' id='word_1_306' title='bbox 1648 4133 1854 4186; x_wconf 89' lang='lat' dir='ltr'><strong>semper</strong></span> <span class='ocrx_word' id='word_1_307' title='bbox 1886 4118 2099 4170; x_wconf 88' lang='lat' dir='ltr'><strong>tantum</strong></span> <span class='ocrx_word' id='word_1_308' title='bbox 2131 4133 2240 4170; x_wconf 90' lang='lat' dir='ltr'><strong><em>non</em></strong></span> <span class='ocrx_word' id='word_1_309' title='bbox 2274 4117 2535 4187; x_wconf 78' lang='lat' dir='ltr'><strong>amplexa-</strong></span> 
     </span>
     <span class='ocr_line' id='line_1_38' title="bbox 457 4200 2534 4270; baseline -0.001 -14"><span class='ocrx_word' id='word_1_310' title='bbox 457 4203 650 4258; x_wconf 88' lang='lat' dir='ltr'><strong>batur‘.</strong></span> <span class='ocrx_word' id='word_1_311' title='bbox 719 4203 926 4258; x_wconf 90' lang='lat' dir='ltr'><strong>ridetur</strong></span> <span class='ocrx_word' id='word_1_312' title='bbox 956 4203 1175 4257; x_wconf 88' lang='lat' dir='ltr'><strong>Homeri</strong></span> <span class='ocrx_word' id='word_1_313' title='bbox 1220 4219 1403 4257; x_wconf 86' lang='lat' dir='ltr'><strong>versus</strong></span> <span class='ocrx_word' id='word_1_314' title='bbox 1441 4201 1539 4257; x_wconf 92' lang='lat' dir='ltr'><strong>Od.</strong></span> <span class='ocrx_word' id='word_1_315' title='bbox 1580 4200 1644 4265; x_wconf 83' lang='grc' dir='ltr'><strong><em>λ’,</em></strong></span> <span class='ocrx_word' id='word_1_316' title='bbox 1685 4205 1803 4260; x_wconf 82' lang='grc'><strong>240.</strong></span> <span class='ocrx_word' id='word_1_317' title='bbox 1875 4203 1970 4257; x_wconf 88' lang='lat' dir='ltr'><strong><em>sed</em></strong></span> <span class='ocrx_word' id='word_1_318' title='bbox 2004 4220 2066 4257; x_wconf 84' lang='lat' dir='ltr'><strong><em>ex</em></strong></span> <span class='ocrx_word' id='word_1_319' title='bbox 2099 4203 2186 4257; x_wconf 88' lang='lat' dir='ltr'><strong>his</strong></span> <span class='ocrx_word' id='word_1_320' title='bbox 2221 4204 2395 4258; x_wconf 86' lang='lat' dir='ltr'><strong>verbis</strong></span> <span class='ocrx_word' id='word_1_321' title='bbox 2430 4201 2534 4270; x_wconf 84' lang='grc' dir='ltr'><strong><em>μό-</em></strong></span> 
     </span>
     <span class='ocr_line' id='line_1_39' title="bbox 460 4287 2537 4361; baseline 0.001 -20"><span class='ocrx_word' id='word_1_322' title='bbox 460 4308 560 4342; x_wconf 86' lang='grc' dir='ltr'><strong><em>νον</em></strong></span> <span class='ocrx_word' id='word_1_323' title='bbox 591 4290 762 4361; x_wconf 88' lang='lat' dir='ltr'><strong>primo</strong></span> <span class='ocrx_word' id='word_1_324' title='bbox 797 4291 1007 4344; x_wconf 76' lang='lat' dir='ltr'><strong>interiit</strong></span> <span class='ocrx_word' id='word_1_325' title='bbox 1040 4287 1149 4360; x_wconf 81' lang='lat' dir='ltr'><strong>(est</strong></span> <span class='ocrx_word' id='word_1_326' title='bbox 1183 4291 1358 4343; x_wconf 78' lang='lat' dir='ltr'><strong>autem</strong></span> <span class='ocrx_word' id='word_1_327' title='bbox 1403 4287 1581 4356; x_wconf 85' lang='grc' dir='ltr'><strong><em>μόνον</em></strong></span> <span class='ocrx_word' id='word_1_328' title='bbox 1617 4287 1680 4343; x_wconf 81' lang='grc' dir='ltr'><strong><em>οὗ</em></strong></span> <span class='ocrx_word' id='word_1_329' title='bbox 1718 4308 1761 4345; x_wconf 87' lang='lat' dir='ltr'><strong>s.</strong></span> <span class='ocrx_word' id='word_1_330' title='bbox 1797 4288 1974 4358; x_wconf 81' lang='grc' dir='ltr'><strong><em>μόνον</em></strong></span> <span class='ocrx_word' id='word_1_331' title='bbox 2009 4287 2130 4357; x_wconf 71' lang='grc' dir='ltr'><strong><em>οὐχὶ</em></strong></span> <span class='ocrx_word' id='word_1_332' title='bbox 2163 4292 2397 4346; x_wconf 80' lang='lat' dir='ltr'><strong>Luciano</strong></span> <span class='ocrx_word' id='word_1_333' title='bbox 2431 4289 2537 4344; x_wconf 82' lang='lat' dir='ltr'><strong>fre-</strong></span> 
     </span>
    </p>
   </div>
   <div class='ocr_carea' id='block_1_13' title="bbox 462 4375 2538 4521">
    <p class='ocr_par' dir='ltr' id='par_1_13' title="bbox 462 4375 2538 4521">
     <span class='ocr_line' id='line_1_40' title="bbox 462 4375 2538 4448; baseline 0 -18"><span class='ocrx_word' id='word_1_334' title='bbox 462 4392 646 4445; x_wconf 89' lang='lat' dir='ltr'><strong>quens,</strong></span> <span class='ocrx_word' id='word_1_335' title='bbox 681 4379 744 4430; x_wconf 87' lang='lat' dir='ltr'><strong><em>ut</em></strong></span> <span class='ocrx_word' id='word_1_336' title='bbox 778 4377 837 4430; x_wconf 90' lang='lat' dir='ltr'><strong>in</strong></span> <span class='ocrx_word' id='word_1_337' title='bbox 870 4376 1035 4431; x_wconf 85' lang='lat' dir='ltr'><strong>simili</strong></span> <span class='ocrx_word' id='word_1_338' title='bbox 1068 4376 1106 4431; x_wconf 92' lang='lat' dir='ltr'><strong>l.</strong></span> <span class='ocrx_word' id='word_1_339' title='bbox 1143 4377 1209 4430; x_wconf 92' lang='lat' dir='ltr'><strong>D.</strong></span> <span class='ocrx_word' id='word_1_340' title='bbox 1247 4377 1314 4431; x_wconf 91' lang='lat' dir='ltr'><strong>D.</strong></span> <span class='ocrx_word' id='word_1_341' title='bbox 1355 4377 1435 4442; x_wconf 87' lang='grc'><strong><em>17,</em></strong></span> <span class='ocrx_word' id='word_1_342' title='bbox 1471 4375 1542 4445; x_wconf 89' lang='grc'><strong><em>2),</em></strong></span> <span class='ocrx_word' id='word_1_343' title='bbox 1577 4379 1696 4431; x_wconf 86' lang='lat' dir='ltr'><strong><em>tum</em></strong></span> <span class='ocrx_word' id='word_1_344' title='bbox 1729 4380 1942 4433; x_wconf 76' lang='lat' dir='ltr'><strong>caetera</strong></span> <span class='ocrx_word' id='word_1_345' title='bbox 1977 4394 2185 4448; x_wconf 89' lang='lat' dir='ltr'><strong>quoque</strong></span> <span class='ocrx_word' id='word_1_346' title='bbox 2220 4396 2250 4433; x_wconf 90' lang='lat' dir='ltr'><strong>e</strong></span> <span class='ocrx_word' id='word_1_347' title='bbox 2283 4394 2382 4432; x_wconf 81' lang='lat' dir='ltr'><strong><em>sua</em></strong></span> <span class='ocrx_word' id='word_1_348' title='bbox 2414 4375 2538 4431; x_wconf 88' lang='lat' dir='ltr'><strong>sede</strong></span> 
     </span>
     <span class='ocr_line' id='line_1_41' title="bbox 513 4465 2124 4521; baseline 0.01 -16"><span class='ocrx_word' id='word_1_349' title='bbox 513 4466 698 4508; x_wconf 67' lang='lat' dir='ltr'><strong>Lucium.</strong></span> <span class='ocrx_word' id='word_1_350' title='bbox 725 4465 805 4515; x_wconf 88' lang='lat'>111,</span> <span class='ocrx_word' id='word_1_351' title='bbox 833 4467 875 4509; x_wconf 82' lang='lat'><strong>1.</strong></span> <span class='ocrx_word' id='word_1_352' title='bbox 2089 4466 2124 4521; x_wconf 87' lang='lat'>8</span> 
     </span>
    </p>
   </div>
  </div>
 </body>
</html>
