3099 5241
510 408 696 467 xlm
1323 407 1421 467 DE
1472 406 1778 465 LUOIANI

508 585 787 677 profecto
831 585 1060 655 vellem
1105 584 1229 651 alia
1272 583 1589 669 quaedam
1615 583 1893 649 Herodis
1937 581 2206 667 epistola
2250 580 2328 645 de
2371 579 2596 647 eodem

507 690 874 774 Agatbione
932 691 1065 773 jam
1131 689 1268 752 viro
1336 689 1570 772 scripta
1634 694 1802 753 esset
1865 694 1928 753 et
1993 687 2202 752 adhuc
2262 685 2399 750 sive
2456 686 2596 768 ipsa

508 799 787 859 exstaret
829 795 968 860 sive
1011 795 1287 879 epitome
1331 794 1472 876 ejus
1516 792 1689 877 apud
1732 792 2203 857 Philostratum.
2279 789 2593 854 Credibile

508 905 606 965 est
649 901 846 981 enim,
888 899 1210 963 Herodem
1257 896 1536 963 Sostrate
1582 903 1802 982 postea
1847 898 2050 982 magis
2106 896 2297 960 etiam
2338 894 2593 983 favisse,

508 1023 660 1097 cum
739 1004 849 1071 ille
923 1022 1103 1087 spem
1183 1001 1263 1066 de
1330 1021 1398 1068 se
1464 1009 1834 1087 conceptam
1906 1001 2412 1067 cumulatissime
2479 1019 2593 1065 ex-

514 1107 834 1193 plevisset.
948 1107 1166 1190 Adde,
1228 1107 1401 1191 quod
1461 1109 1630 1170 inter
1683 1125 1751 1171 se
1811 1107 2058 1171 similes
2109 1111 2173 1170 et
2229 1107 2300 1168 in
2358 1105 2593 1190 dispari

505 1231 739 1297 genere
783 1231 915 1276 non
963 1211 1249 1296 dispares
1292 1211 1358 1275 hi
1405 1210 1668 1275 fuerunt
1699 1210 2060 1275 duumviri:
2108 1210 2349 1275 similes
2379 1216 2591 1274 autem

484 1336 657 1383 ·cum
714 1304 1034 1381 similibus
1088 1316 1274 1380 facile
1331 1320 1817 1407 congregantur,
1923 1314 2181 1379 Etenim
2235 1316 2304 1379 hi
2360 1316 2592 1381 duum-

506 1423 630 1485 viri
673 1420 862 1489 ambo
909 1420 988 1485 de
1035 1419 1300 1485 Graecia
1344 1420 1582 1483 eximie
1626 1420 1835 1484 meriti
1880 1425 2053 1502 sunt,
2111 1439 2324 1504 neque
2377 1425 2591 1486 tamen

510 1545 715 1609 quum
764 1525 951 1591 'alius
1018 1524 1146 1590 alia
1198 1526 1307 1589 via
1371 1529 1615 1588 tantam
1681 1523 1938 1588 laudem
2006 1530 2339 1595 assecutus
2406 1531 2590 1607 esset,

505 1630 641 1695 ullo
686 1629 874 1693 modo
918 1630 1087 1694 inter
1130 1648 1198 1694 se
1243 1628 1591 1694 obtrectare
1634 1632 1999 1712 potuerunt.
2109 1629 2235 1695 Sed
2290 1638 2365 1695 ut
2419 1630 2591 1696 unde

503 1734 634 1799 huc
691 1734 978 1818 digressa
1036 1738 1132 1798 est
1188 1733 1268 1798 ad
1312 1732 1586 1797 Luciani
1641 1732 1878 1797 librum
1932 1728 2358 1815 ,Σὼστράτου
2399 1731 2588 1806 Be'og‘

505 1840 703 1905 oratio
766 1838 1013 1920 redeat,
1093 1837 1421 1922 probabile
1498 1844 1597 1902 est
1659 1839 1729 1901 in
1796 1858 1870 1903 eo
1934 1838 2258 1905 Herodem
2325 1840 2590 1904 atticum

506 1944 763 2027 saepius
841 1944 1101 2009 honoris
1180 1962 1375 2007 causa
1450 1947 1871 2007 memoratum
1948 1943 2167 2009 fuisse.
2291 1943 2591 2028 Namque
2661 2000 2674 2013 .

503 2047 781 2117 Herodis
837 2047 919 2114 ad
973 2046 1017 2110 J
1021 2047 1314 2113 ulianum
1373 2045 1709 2130 epistolam
1771 2052 1883 2111 aut
1936 2047 2287 2132 LucianUS,
2348 2050 2403 2113 si
2454 2052 2589 2131 jam

505 2158 648 2217 tum
692 2152 864 2217 edita
907 2156 1056 2234 erat,
1114 2153 1252 2236 ipse
1314 2170 1574 2235 quoque
1629 2152 1867 2235 legerat
1909 2159 2023 2216 aut
2066 2158 2234 2217 certe
2277 2172 2379 2218 res
2425 2173 2589 2237 qnae

506 2259 578 2323 in
643 2256 764 2321 hac
831 2256 1097 2340 epistola
1160 2258 1415 2321 inerant
1480 2256 1562 2319 ab
1626 2256 1883 2321 Herode
1948 2256 2172 2321 aliisve
2249 2264 2587 2342 acceperat.

502 2360 604 2427 Ita
657 2360 987 2427 Lucianus
1053 2361 1235 2425 nullo
1303 2362 1491 2425 modo
1558 2361 1861 2442 nescivit,
1928 2366 1992 2425 et
2051 2361 2373 2426 Herodem
2439 2342 2590 2431 cum

507 2464 789 2531 Sostrato
835 2464 1309 2531 adolescentulo
1355 2465 1466 2529 diu
1502 2466 1899 2530 ‘collocutum
1947 2484 2085 2531 esse
2129 2473 2192 2530 et
2236 2467 2588 2533 Sostratum

506 2569 751 2638 Herodi
795 2570 874 2635 ad
921 2588 1187 2636 coenam
1228 2572 1630 2655 promisisse:
1680 2588 1954 2655 quorum
2000 2569 2162 2636 illud
2203 2572 2274 2637 in
2319 2570 2589 2640 Luciani

503 2673 669 2742 libro
712 2695 844 2740 non
888 2675 1148 2741 videtur
1191 2676 1500 2740 omissum
1543 2676 1763 2744 fuisse.
1870 2674 2116 2760 Nempe
2163 2696 2331 2760 quae
2374 2677 2588 2746 Philo·

503 2785 738 2846 stratus
781 2780 864 2862 11,
898 2782 955 2862 1,
986 2780 1027 2844 6
1071 2786 1136 2843 et
1177 2780 1472 2863 inprimis
1517 2799 1572 2843 c.
1609 2782 1644 2844 7
1696 2780 1776 2844 de
1818 2780 2179 2863 Agathione
2217 2788 2288 2847 'et
2332 2783 2411 2848 de
2453 2783 2587 2850 He-

505 2885 661 2954 rode
703 2887 977 2969 scripsit,
1023 2884 1244 2949 eadem
1273 2883 1604 2949 Lucianus
1649 2904 1768 2950 suo
1811 2904 1987 2952 more
2029 2885 2351 2970 modoque
2395 2888 2588 2953 tradi·

505 2989 703 3072 derat,
745 2994 821 3054 ut
863 2995 1005 3055 tum
1051 3007 1312 3073 quoque
1356 2988 1435 3054 ab
1488 2990 1647 3053 anili
1691 2991 2144 3074 superstitione
2197 2992 2421 3075 procul
2478 2993 2588 3058 ab·

502 3095 799 3161 horreret.
874 3093 1095 3160 Restat
1139 3100 1213 3160 ut
1259 3113 1663 3178 quaeramuS,
1711 3113 2028 3178 quaenam
2070 3096 2231 3160 ratio
2264 3095 2586 3164 Herodem

501 3200 669 3265 inter
714 3203 777 3263 et
818 3196 1181 3264 Lucia'num
1227 3199 1685 3266 intercesserit:
1748 3199 1826 3263 de
1887 3219 2016 3283 quo
2061 3201 2326 3266 certiora
2368 3201 2587 3268 afferre

499 3302 736 3385 liceret,
793 3303 850 3366 si
910 3303 1015 3368 hic
1068 3303 1207 3386 ipse
1260 3303 1341 3367 de
1396 3324 1525 3388 quo
1575 3304 1827 3387 jamdiu
1883 3304 2138 3389 disputo
2184 3304 2455 3374 Luciani
2510 3308 2587 3374 de

503 3408 636 3473 vita
702 3406 967 3473 Sostrati
1031 3406 1194 3475 liber
1259 3414 1548 3474 servatus
1624 3414 1806 3476 esset.
1915 3408 2001 3478 Et
2063 3409 2257 3476 vivus
2324 3412 2586 3495 quidem

500 3511 789 3578 Herodes
832 3510 914 3575 ab
958 3531 1033 3577 eo
1077 3509 1640 3596 nusquam'verbo
1694 3514 2140 3597 reprehensus,
2197 3516 2309 3581 sed
2353 3537 2587 3601 magna

502 3622 567 3684 et
627 3617 806 3699 justa
868 3615 1061 3683 laude
1127 3616 1477 3684 celebratus
1544 3624 1658 3684 est.
1770 3617 1940 3683 Nam
1996 3620 2067 3683 in
2125 3619 2167 3682 l.
2227 3618 2325 3685 De
2379 3620 2585 3688 M'orte

501 3720 754 3805 Peregr.
790 3721 828 3802 ἓ
862 3722 943 3786 19
975 3740 1070 3804 sq.
1123 3721 1354 3803 ,virum
1400 3722 1687 3788 doctrina
1716 3728 1779 3788 et
1809 3724 2117 3807 dignitate
2147 3725 2583 3792 excellentem‘

498 3824 848 3909 (Herodem
893 3825 1067 3907 dicit)
1114 3826 1352 3892 eximie
1393 3827 1633 3910 laudat,
1691 3828 1866 3911 quod
1925 3848 2127 3912 quum
2190 3830 2314 3894 alia
2369 3829 2449 3895 ab
2509 3850 2632 3895 ec.

498 3933 601 3998 in·
617 3929 949 3996 Graeciam
1006 3929 1319 3999 beneficia
1376 3932 1606 3996 collata
1660 3934 1810 4015 sint,
1865 3937 2005 3999 tum
2062 3934 2352 4015 ejusdem
2395 3955 2586 4019 opera

502 4055 672 4119 aqua
716 4033 1084 4118 Olympiam
1144 4036 1229 4100 sit
1283 4019 1577 4104 deducta.
1680 4036 2056 4121 Eodemque
2111 4037 2251 4102 loco
2293 4037 2585 4108 Herodes

500 4140 693 4208 etiam
736 4160 774 4206 a
815 4138 1151 4223 Peregrini
1209 4141 1424 4221 cynici
1481 4141 1813 4223 conviciiS,
1875 4160 2039 4225 quae
2093 4143 2311 4210 eadem
2371 4142 2585 4210 Philo-

502 4250 737 4311 stratus
781 4243 863 4307 V.
898 4242 960 4308 S.
995 4243 1085 4325 11,
1120 4245 1152 4308 1
1206 4263 1257 4308 c.
1297 4245 1376 4309 13
1419 4246 1726 4308 memoria
1771 4246 1965 4330 digua
2008 4246 2256 4330 habuit,
2301 4248 2584 4313 studiose

502 4349 879 4416 defenditur.
993 4347 1156 4416 Tum
1214 4347 1705 4414 declamationes
1765 4349 2040 4415 Herodis
2105 4358 2251 4435 post
2317 4358 2581 4422 mortem
