3099 5241
1131 453 1496 503 NEKPIKOI
1543 412 1934 504 AIAAOI'OI.
2492 453 2572 518 13

494 625 701 707 ἐρεῑςς
812 620 1120 689 ΣΚΗΠ.
1230 619 1597 708 Ἰταλιώτης
1660 622 1971 708 Σκηπίων
2054 621 2448 713 στρατηγὸς,
2535 622 2571 688 ὁ

492 722 795 792 καθελών
862 723 1269 816 Καρχηδὸνα
1351 729 1457 792 καὶ
1531 726 1861 814 κρατήσας
1927 726 2197 815 Λιβύων
2261 726 2576 816 μεγάλαις

495 827 758 919 μάχαις.
853 832 1077 899 ΜΙΝ.
1171 832 1234 898 τί
1278 827 1400 898 οὖν
1442 834 1548 898 καὶ
1597 830 1673 900 σύ
1721 838 1921 919 ἓρεῖςς
2008 833 2315 900 ΣΚΗΠ.
2394 831 2577 900 Ἀλε-

494 930 775 1020 ξάιδρου
818 938 948 1020 μὲν
989 936 1208 1019 ἥττων
1254 935 1443 1016 εἶναι,
1505 945 1623 1003 τοῦ
1672 937 1741 1004 δὲ
1783 938 2095 1024 Ἀννίβου
2138 937 2449 1024 ἀμείνων,
2505 937 2577 1012 ὃς

496 1039 718 1116 ἐδίωξα
761 1037 1100 1123 ιικὴσας*
1141 1038 1345 1107 αὐτὸν
1381 1067 1487 1107 και
1524 1056 1753 1132 φυγεῖν
1775 1039 2278 1131 καταναγκάσας
2300 1041 2569 1128 ἀτίμως.
2610 1055 2714 1109 389

494 1150 633 1216 πῶς
691 1139 813 1209 οὖν
872 1142 989 1209 οὐκ
1044 1142 1471 1233 ἀναίσχυντος
1532 1142 1748 1224 οὗτος.
1817 1149 1888 1222 ὃς
1945 1145 2112 1233 πρὸς
2148 1146 2578 1233 Ἀλέξανδρον

496 1245 864 1332 ἁμιλλᾶται,
937 1240 986 1334 ᾧ
1041 1246 1196 1314 οὐδὲ
1241 1250 1554 1334 Σκηπίων
1608 1250 1722 1340 ἐ)
1681 1279 1727 1317 ω
1786 1251 1821 1318 ὃ
1883 1251 2227 1338 ιειικηκώς
2285 1249 2578 1336 ἐμαυτὸν

497 1350 1044 1438 παραβάλλεσθαι
1100 1351 1248 1428 ἀξιῶ
1264 1381 1291 1434 ,-
1380 1357 1603 1422 MIN.
1700 1355 1776 1441 νὴ
1829 1356 1933 1423 Δί’
1987 1353 2376 1445 εὐγνώμονα
2422 1351 2573 1440 φῆς,

495 1453 544 1520 ὦ
590 1458 938 1542 Σκηπίων·
1011 1459 1174 1525 ὥστε
1239 1465 1497 1544 πρῶτος
1563 1464 1693 1546 μὲν
1759 1461 2074 1546 κεκρίσθω
2128 1458 2572 1544 Ἀλέξανδρος,

493 1559 644 1644 μετ’
697 1558 903 1627 αὐτὸν
948 1561 1018 1628 δὲ
1066 1559 1167 1641 σύ,
1234 1561 1395 1642 εἶτα,
1460 1568 1521 1630 εἰ
1564 1566 1758 1647 δοκεῖ,
1821 1565 2035 1651 τρίτος
2071 1564 2381 1651 Ἀννίβας
2427 1562 2579 1643 σῦὁζὲ

497 1657 688 1741 οὗτος
721 1664 1305 1754 εὐκαταφρόνητος
1351 1668 1463 1736 ὤν.

498 1943 559 1996 σὺ
600 1935 646 1996 ὦ
681 1942 746 2002 21.
907 1944 983 1999 ὢν
1017 1963 1107 2001 om.
1140 1946 1236 2006 218..
1394 1949 1678 2020 Σκηπίων]
1714 1951 1962 2002 Σκιπίων
1995 1947 2246 2006 B021⁴1¹d>
2279 1946 2371 2002 hio
2406 1947 2462 2001 ot
2494 1945 2580 2002 bis

494 2030 647 2085 infra.
821 2031 1079 2105 Λιβύων]
1130 2034 1346 2106 Λιβύης
1382 2035 1447 2093 Ἡ.
1626 2035 1787 2106 ἐρεῖς]
1845 2035 1950 2109 φῄς
1986 2035 2051 2094 21.
2232 2032 2291 2089 δὲ
2331 2034 2579 2104 Ἀννίβου

493 2115 850 2175 ΒἋΑΨΦΩῈ
888 2117 943 2175 δ’
979 2120 1228 2192 Ἀννίβου
1265 2140 1318 2176 v.
1497 2123 1559 2181 ὃς
1604 2121 1834 2197 ἐδίωξα]
1887 2121 1946 2181 ὅς
1988 2144 2048 2193 76
2100 2120 2305 2185 ἐδίωξα
2341 2121 2407 2180 21·

495 2205 913 2277 καταναγκάσας
969 2207 1170 2265 ΒΟΨΦ
1227 2212 1283 2264 et
1340 2230 1407 2281 v,
1482 2211 1795 2283 ἀναγκάσας
1853 2209 1929 2277 21,
2003 2208 2390 2280 κατηνάγκασα
2460 2210 2576 2272 ΑΩ,

603 2314 639 2346 α
849 2318 882 2348 α

496 2316 912 2435 κατηνάγκασας
935 2365 1135 2434 (omnia
1179 2383 1245 2435 pr
1277 2368 1357 2440 m)
1404 2369 1463 2423 F.
1642 2367 1849 2440 ἀτίμως
1895 2386 1983 2424 om
2038 2375 2102 2432 Ψ,
2157 2366 2364 2436 ἀτίμως
2413 2366 2584 2426 οὕτως

498 2448 659 2504 habet
694 2451 758 2510 21.
938 2452 1019 2525 ὃς]
1062 2450 1116 2508 εἷ
1146 2455 1211 2514 Ἃ.
1390 2450 1710 2528 ἁμιλλᾶται]
1752 2454 2117 2526 διαμιλλᾶται
2152 2454 2203 2514 21
2239 2454 2402 2509 solus.

475 2540 749 2592 ·Σκιπι’ων
796 2538 958 2595 etiam
1003 2542 1055 2611 d,
1106 2543 1200 2597 sed
1246 2542 1340 2597 illa
1386 2543 1607 2613 quidem
1659 2543 1762 2598 hoc
1814 2560 1924 2598 uno
1977 2543 2110 2598 loco.
2287 2543 2585 2610 νενικηκώς

502 2624 744 2692 ἐμαυτὸν
793 2628 1265 2701 παραβάλλεσθαι
1316 2631 1632 2694 ΒΟΑΤΦΩ,
1700 2631 1998 2700 νενικηκώς
2062 2629 2234 2684 αὐτὸν
2284 2628 2592 2701 παραβάλέ

500 2711 703 2767 λεσθαι
744 2721 793 2768 Ψ
823 2719 878 2770 et
905 2734 958 2785 v,
997 2718 1222 2786 νικήσας
1256 2719 1426 2773 αὐτὸν
1460 2716 1931 2789 παραβάλλεσθαι
1967 2718 2033 2788 21,
2069 2720 2366 2786 νενικηκὼς
2397 2739 2582 2789 παρα-

500 2799 813 2870 βάλλεοθαι
850 2803 906 2857 F.
973 2805 1195 2874 antiqua
1229 2807 1496 2875 scriptura
1530 2821 1696 2860 versu
1730 2805 2106 2874 Aristophanis
2141 2806 2274 2875 qu.
2315 2809 2414 2864 182
2450 2806 2583 2859 satis

500 2887 711 2942 defendi
747 2890 883 2945 mihi
921 2892 1151 2949 Videtur.
1292 2895 1407 2965 Δί’]
1446 2898 1552 2949 Διά
1590 2893 1714 2952 ΞΙΨ.
1855 2886 2231 2964 Ἀλέξανδρος]
2273 2893 2301 2946 ὁ
2332 2891 2581 2956 Ἀλέξαν-

502 2971 636 3044 δρσς
677 2983 741 3030 Ψ.
889 2979 1020 3035 οὐδὲ
1055 3011 1123 3021 —-·
1161 2981 1259 3053 ὢν]
1299 2979 1428 3038 οὐδὲ
1463 2982 1572 3053 γάρ
1612 2973 1775 3039 οὗτος
1812 2980 2300 3048 εὐκαταφρόνητος
2334 2980 2447 3053 (om
2483 2980 2585 3051 ὢν)

502 3061 567 3120 21.
709 3065 973 3133 proximis
1021 3068 1248 3140 dialogis
1296 3069 1508 3125 duobus
1542 3068 1845 3123 Alexander
1890 3067 2075 3122 acerbe
2123 3066 2317 3122 irrisus
2361 3069 2461 3122 cst.
2530 3070 2586 3122 at

499 3147 600 3210 hic.
639 3153 821 3206 noster
864 3171 932 3208 ne
976 3157 1060 3211 est
1108 3157 1330 3227 quidem
1382 3156 1653 3226 satyricus
1701 3156 1796 3210 sed
1848 3156 1995 3209 totus
2051 3171 2214 3224 prope
2267 3154 2584 3211 rhetoricus

501 3236 740 3293 rhetores
789 3240 935 3305 enim
985 3244 1071 3312 (ut
1116 3260 1146 3297 e
1192 3243 1324 3298 Luc.
1361 3244 1514 3299 Verr.
1560 3243 1706 3298 Hist.
1753 3242 1826 3310 Π,
1878 3250 1911 3301 9
1959 3241 2270 3312 conligitur)
2318 3243 2587 3313 fingebant

492 3322 711 3391 judices
763 3344 871 3383 non
921 3328 1211 3385 Hannibali
1263 3331 1328 3385 de
1382 3332 1691 3400 principatu
1743 3330 2088 3386 contendenti
2141 3331 2236 3385 sed
2282 3329 2585 3385 Alexandro

502 3412 732 3479 palmam
767 3415 998 3472 dedisse.
1068 3418 1177 3472 huc
1214 3419 1447 3474 accessit
1478 3417 1723 3473 fabulosa
1754 3418 1986 3473 narratio
2035 3434 2205 3488 quum
2238 3417 2464 3472 aliorum
2500 3417 2588 3487 (ut

500 3497 778 3556 Plutarchi
814 3505 871 3557 et
893 3505 1147 3574 Appiani)
1184 3506 1304 3559 tum
1340 3522 1387 3575 ‚e
1422 3506 1627 3575 graecis
1651 3505 1915 3562 Acilianis
1949 3506 2122 3560 libris²
2157 3505 2307 3560 Livii
2343 3504 2585 3572 XXXV,

505 3590 586 3654 14,
623 3587 929 3657 Scipionem
960 3592 1213 3662 maJ'orem
1238 3592 1404 3663 (inter
1429 3592 1632 3662 legatos
1663 3592 1897 3663 scilicet)
1916 3592 2118 3662 Ephesi
2149 3610 2273 3648 cum
2289 3592 2586 3647 Hannibale

457 3675 468 3686 ⁴
504 3673 846 3730 conlocutum
865 3694 999 3749 esse,
1016 3697 1183 3749 quum
1202 3681 1422 3749 quidem
1444 3680 1710 3734 Hannibal
1722 3680 2087 3735 Alexandrum
2104 3680 2402 3734 maximum
2418 3680 2585 3733 fuisse

501 3761 706 3816 diceret
739 3764 1127 3833 imperatorem.
1183 3769 1311 3823 hinc
1340 3768 1452 3837 jam
1487 3784 1595 3821 non
1630 3768 1736 3823 duo
1773 3768 1866 3822 sed
1902 3769 2011 3822 tres
2046 3769 2230 3836 duceS,
2266 3767 2586 3835 Alexander,

498 3847 769 3904 Hannibal
802 3854 858 3905 et
893 3854 1077 3923 Scipio
1123 3855 1289 3924 major
1322 3853 1646 3910 Hannibalis
1680 3855 1856 3910 victor
1900 3855 1966 3909 de
2014 3853 2321 3923 principatu
2367 3855 2587 3909 conten-

491 3935 652 3999 dunt.
724 3940 790 3994 de
836 3941 937 3996 hac
986 3942 1156 4010 igitur
1202 3943 1500 3998 narratione
1546 3941 1823 3997 Lucianus
1871 3942 2226 4004 inaudiverat.
2278 3943 2373 3997 sed
2409 3942 2497 4012 (ut
2530 3942 2586 3995 T.

499 4024 557 4079 Π
608 4043 660 4094 p.
710 4032 816 4087 566
862 4030 927 4084 ad
965 4031 1128 4085 verba
1161 4032 1193 4099 ξ
1228 4036 1290 4089 7:
1348 4030 1377 4083 ὁ
1436 4028 1697 4083 καθελών
1748 4029 2090 4100 Καρχηδόνα
2142 4029 2350 4099 primus
2403 4030 2589 4083 docuit

500 4112 869 4187 Lehmannus)
905 4116 966 4171 in
999 4118 1102 4174 hoo
1138 4117 1348 4187 dialogo
1383 4118 1439 4172 T.
1475 4116 1784 4173 Cornelium
1819 4116 2126 4186 Scipionem
2172 4117 2425 4186 maiorem
2460 4133 2588 4171 cum

500 4198 556 4252 T.
615 4201 860 4258 Cornelio
911 4203 1163 4273 Scipione
1216 4204 1515 4260 Aemiliano
1568 4204 1774 4259 minore
1827 4204 2058 4273 turpiter
2110 4204 2381 4271 confudit,
2443 4204 2586 4273 quod

501 4286 702 4342 vitium
734 4291 899 4345 etiam
933 4291 1062 4347 alibi
1100 4291 1276 4362 (velut
1309 4292 1369 4348 in
1391 4290 1581 4350 Horati
1608 4292 1777 4348 earm.
1801 4290 1899 4363 IV,
1936 4296 1987 4362 8,
2028 4295 2231 4352 15—19
2266 4289 2384 4348 loco
2418 4288 2584 4346 intel·-

499 4374 700 4446 polato)
735 4378 1031 4437 admissum
1067 4381 1166 4438 cst.
2151 4423 2155 4428 -
