3099 5241
1145 1411 1867 1546 Praefatio.

649 1797 1190 1929 prolegomenis
1252 1838 1775 1910 dissertationes
1837 1839 2101 1928 aliquot
2150 1835 2545 1907 Lucianeae

448 1959 918 2047 continentur,
990 1981 1164 2050 quas
1232 1966 1315 2031 ut
1377 1961 1449 2031 in
1511 1960 1736 2032 lucem
1798 1960 2097 2047 ederem,
2165 1958 2363 2028 amici
2435 1978 2546 2028 me

448 2081 732 2171 saepius
795 2081 1152 2152 adhortati
1227 2070 1414 2153 suntss
1539 2080 1799 2153 Adhuc
1875 2082 2205 2172 pleraque
2274 2079 2544 2167 desunt,

448 2224 632 2293 quae
703 2209 1021 2293 spectant
1089 2204 1180 2274 ad
1243 2204 1556 2295 dialogos
1627 2205 2027 2275 subditicios
2097 2208 2172 2272 et
2231 2220 2408 2291 quae
2473 2202 2545 2271 in

449 2325 801 2397 atticismo
864 2326 1225 2415 scriptoris
1287 2331 1657 2395 versantur
1724 2326 1975 2397 desunt
2049 2325 2303 2413 omnia,
2374 2346 2545 2413 quo-

447 2469 610 2517 rum
670 2451 1043 2535 utrumque
1114 2448 1334 2538 genus
1398 2448 1504 2517 uti
1576 2469 1780 2537 spero
1842 2446 2168 2517 volumini
2229 2446 2546 2536 proximo

449 2568 667 2640 inseri
746 2569 1029 2659 poterit.
1135 2557 1548 2641 'Excludam
1626 2575 1857 2640 tamen
1936 2567 2546 2639 commentationes

450 2689 916 2762 Academicas
984 2712 1273 2761 numero
1338 2692 1703 2782 plurimaS,
1770 2710 1947 2781 quae
2012 2689 2101 2759 ad
2160 2687 2545 2759 Lucianum

452 2813 735 2884 omnino
807 2814 978 2882 nihil
1057 2813 1374 2883 adtinent
1451 2833 1708 2901 easque
1786 2812 2101 2883 fortassis
2180 2812 2314 2881 alio
2393 2811 2546 2881 loco

451 2936 690 3007 nescio
755 2958 896 3024 quo
966 2935 1420 3027 divulgandas
1490 2936 1766 3006 curabo.
1893 2933 2095 3022 Quod
2161 2939 2391 3004 autem
2457 2933 2544 3003 ad

451 3058 686 3129 fontes
751 3059 1002 3129 horum
1064 3057 1491 3150 dialogorum
1554 3058 1885 3148 pertinet,
1954 3076 2398 3146 quaecunque
2459 3055 2545 3125 de

454 3181 808 3252 codicibus
863 3178 1272 3268 ,Charonis‘,
1336 3180 1593 3271 dialogi
1652 3179 1834 3250 haud
1890 3200 2305 3269 magnopere
2358 3200 2545 3248 men-

456 3304 612 3375 dosi
667 3303 802 3374 dici
855 3309 1172 3393 possunt,
1226 3301 1601 3374 lectoribus
1651 3304 1824 3374 meis
1868 3303 2013 3395 jam
2066 3303 2343 3392 cognita
2393 3323 2547 3372 esse

457 3426 686 3496 video.
818 3422 1145 3513 Namque
1216 3423 1653 3513 ,Charonem‘
1725 3426 1936 3496 etiam
1987 3419 2547 3494 vindobonensis

456 3569 572 3618 no.
633 3548 781 3621 123
839 3546 962 3638 (Β)
1016 3546 1319 3635 exhibet,
1382 3568 1470 3618 ex
1522 3570 1661 3637 quo
1722 3547 2109 3637 complures
2171 3547 2303 3617 loci
2355 3553 2547 3617 certo

456 3669 740 3740 restitui
797 3677 1120 3759 possunt,
1181 3671 1462 3740 tametsi
1525 3670 1597 3740 in
1662 3668 2025 3758 ,Charone‘
2094 3691 2231 3740 non
2296 3670 2549 3758 ubique

455 3792 562 3862 ita
614 3792 875 3862 eminet
925 3798 1006 3862 ut
1056 3793 1127 3862 in
1179 3792 1378 3863 brevi
1439 3792 1712 3884 dialogo
1772 3790 2189 3878 Προμηθεῦς
2246 3791 2289 3875 ἦ
2350 3789 2549 3857 Καί·-

458 3940 686 3989 κασος.
807 3912 990 3984 Tum
1050 3915 1138 3986 de
1203 3914 1514 4006 ,dialogis
1566 3916 2017 3985 mortuorum‘
2080 3919 2155 3983 et
2212 3911 2299 3982 de
2361 3912 2549 3983 codi-

459 4036 656 4107 cibus
708 4036 828 4123 qui
873 4057 996 4107 eos
1047 4037 1310 4109 habent
1360 4037 1677 4108 omnibus
1728 4037 1799 4106 in
1848 4034 2141 4127 praefat.
2178 4034 2268 4104 ad
2300 4032 2397 4104 V.
2432 4031 2549 4104 III

461 4156 547 4228 P.
602 4155 641 4227 I
690 4179 760 4248 p.
797 4155 954 4228 VH
1006 4161 1174 4230 satis
1238 4160 1498 4230 dictum
1562 4165 1691 4231 est.
1808 4156 1891 4228 In
1954 4158 2065 4227 his
2127 4155 2551 4248 corrigendis

461 4300 647 4349 nunc
711 4302 986 4371 quoque
1061 4282 1150 4352 ab
1209 4280 1736 4352 Vindobonensi
1802 4278 1869 4349 B
1933 4285 2008 4349 et
2066 4277 2411 4349 Vaticano
2479 4274 2551 4352 Ἠ

461 4399 820 4490 profectus
904 4426 1076 4475 sum.
1209 4400 1460 4476 Multis
1548 4407 1779 4472 autem
1868 4401 1943 4473 hi
2029 4400 2283 4490 dialogi
2361 4399 2549 4471 vitiis

3038 4566 3059 4600 Ψ
3034 4401 3074 4457 ‘a'
3034 4281 3074 4331 D
3042 4153 3074 4203 p.
3048 4028 3074 4080 ’Δ
3054 3907 3074 3953 V
3058 3795 3076 3809 ι
