3099 5241
1229 359 1331 416 An
1364 334 1765 418 Lucum.
2342 360 2550 420 xxxv

458 536 705 619 nequit,
750 534 1127 619 praesertim
1155 552 1352 616 quum
1373 534 1717 613 LucianuS,
1761 534 2066 601 adsiduus
2087 534 2202 601 ille
2226 538 2291 601 et
2312 538 2547 605 veteris

460 643 530 705 et
581 658 809 718 novae,
862 658 991 706 non
1046 639 1203 705 item
1261 638 1511 704 mediae
1559 638 1922 705 comoediae
1965 639 2170 705 lector
2211 638 2548 708 Alexidem

457 744 685 824 semel,
743 762 1059 827 nusquam
1112 746 1329 809 autem
1372 742 1810 827 Antiphanem
1851 743 1956 808 vel
2001 743 2327 810 Eubulum
2370 763 2546 812 com·
2637 812 2646 819 ,

456 849 855 915 memorarit.
950 847 1089 931 jam
1148 846 1398 913 Plinius
1454 848 1523 912 in
1581 847 1731 913 Nat.
1789 846 1961 913 Hist.
2021 846 2165 926 VH,
2228 849 2308 913 19
2364 847 2404 931 5
2460 849 2550 916 80
2587 881 2594 888 ·

456 953 664 1018 animi
716 950 1255 1035 tranquillitatem
1310 954 1376 1017 et
1430 951 1705 1017 eundem
1760 969 2011 1034 semper
2063 952 2318 1018 vultum
2377 953 2545 1021 exire

452 1075 649 1141 posse
694 1056 851 1122 dicit
893 1055 962 1121 in
1004 1055 1282 1140 rigorem
1324 1056 1823 1140 torvitatemque
1866 1059 2156 1136 naturae,
2210 1056 2432 1140 quales
2477 1058 2545 1124 in

452 1161 729 1228 Graecia
809 1159 1050 1225 multos
1126 1158 1348 1239 fuisse,
1430 1161 1746 1244 ,quodque
1813 1160 2050 1226 mirum
2130 1160 2232 1246 sit,
2313 1161 2542 1246 inquit,

453 1268 752 1332 auctores
795 1282 1092 1330 maxume
1137 1263 1508 1347 sapientiae,
1554 1264 1911 1349 Diogenem
1950 1265 2264 1348 cynicum,
2308 1266 2542 1350 Pyrro·

451 1388 629 1448 nem,
672 1368 1096 1448 Heraclitum,
1141 1369 1496 1448 Timonem,
1539 1368 1711 1435 hunc
1754 1369 2011 1453 quidem
2034 1369 2231 1436 etiam
2253 1371 2320 1435 in
2342 1370 2542 1437 totius

452 1474 678 1540 odium
737 1472 988 1557 generis
1042 1472 1307 1539 humani
1364 1475 1694 1540 evectum‘.
1782 1491 1988 1557 neque
2039 1473 2162 1539 hoc
2215 1492 2341 1541 uno
2399 1475 2541 1541 loco

450 1577 562 1644 hic
609 1578 838 1643 Timon
884 1578 953 1642 in
993 1577 1519 1662 philosophorum
1564 1577 1824 1644 chorum
1868 1579 2040 1645 male
2084 1581 2377 1662 receptus
2424 1582 2541 1662 est,

450 1681 831 1747 Platonicus
875 1681 989 1746 ille
1033 1681 1301 1762 scilicet,
1346 1685 1420 1748 ut
1445 1681 1939 1767 olympiodorus
1983 1682 2345 1749 somniavit.
2427 1683 2540 1748 sed

453 1784 849 1851 Graecorum
901 1784 1265 1869 philosophi
1324 1786 1612 1852 Timonis
1679 1804 2015 1870 personam
2072 1787 2166 1852 ita
2216 1785 2541 1869 jactarant

449 1892 529 1955 ut
584 1889 883 1973 alienam,
941 1907 1212 1972 quorum
1269 1890 1651 1972 pedisequus
1709 1889 1929 1956 Cicero
1988 1890 2057 1955 in
2115 1890 2296 1974 Disp.
2352 1891 2537 1960 Tusc.

447 1994 566 2072 IV,
638 1993 719 2058 12
777 1992 819 2077 ξ
877 1991 962 2058 25
1008 1992 1357 2077 exagitavit
1401 1993 1640 2072 ,odium
1682 1993 1752 2059 in
1793 1993 2125 2060 hominum
2168 1994 2538 2060 universum

450 2115 679 2181 genuS,
724 2097 892 2180 quod
935 2097 1297 2179 accepimus
1342 2097 1424 2163 de
1445 2096 1752 2164 Timonc‘.
1839 2097 1931 2163 ita
1974 2116 2172 2181 quum
2213 2116 2294 2164 ne
2328 2097 2536 2182 philo·

451 2199 797 2283 sophorum
856 2199 1114 2281 quidem
1177 2199 1394 2284 legere
1451 2200 1727 2285 vestigia
1785 2200 2055 2279 licuerit,
2114 2201 2276 2269 alios
2334 2201 2535 2286 scrip·

451 2308 629 2370 tores
652 2304 859 2369 adhuc
882 2304 1122 2370 frustra
1142 2305 1526 2387 quaerimus,
1571 2323 1730 2388 quos
1776 2305 1968 2372 duces
2013 2306 2195 2389 sequi
2215 2306 2535 2373 Lucianus

446 2407 749 2492 potuerit.
840 2406 1131 2490 inprimis
1190 2411 1426 2486 autem,
1481 2408 1548 2473 id
1603 2409 1772 2491 quod
1816 2412 1881 2474 et
1924 2408 2244 2476 Lucianus
2286 2409 2423 2493 ipse
2469 2412 2535 2475 et

448 2511 952 2595 Shakespearius
974 2511 1300 2595 praeclare
1343 2513 1664 2599 viderunt,
1711 2512 1976 2578 Timone
2014 2530 2172 2597 opus
2195 2513 2321 2579 fuit
2340 2513 2532 2600 longe

450 2617 584 2683 alio
651 2616 810 2696 viro,
878 2614 987 2699 qui
1051 2616 1295 2701 majore
1364 2616 1513 2702 jure
1580 2617 1906 2684 videretur
1967 2617 2326 2684 laudandus
2370 2636 2530 2684 esse.

446 2739 649 2806 quare
674 2721 1035 2814 Lucianus,
1080 2722 1192 2804 qui
1235 2722 1372 2805 ipse
1415 2722 1526 2787 diu
1571 2722 1786 2788 rhetor
1828 2722 2060 2802 fuerat,
2103 2722 2391 2789 rhetoras
2424 2721 2528 2788 vel

446 2825 728 2891 maxime
772 2828 1031 2892 secutus
1076 2827 1196 2904 est,
1241 2844 1322 2891 ne
1364 2824 1483 2891 hos
1526 2827 1786 2912 quidem
1831 2845 2050 2893 omnes
2095 2827 2207 2893 sed
2239 2845 2278 2892 a
2300 2826 2530 2910 quibus

446 2928 787 2995 Timonem
829 2929 1097 2995 vidisset
1141 2928 1534 2998 celebratum
1578 2949 1740 2997 esse.
1828 2931 2026 2997 tradit
2058 2933 2276 2998 autem
2296 2931 2528 2997 Lucia-

443 3051 571 3099 nus
639 3032 894 3117 dialogo
957 3050 1154 3117 prope
1219 3037 1356 3100 toto
1425 3034 1759 3101 Timonem
1826 3036 1980 3101 olim
2037 3033 2247 3101 virum
2285 3033 2527 3101 bonum

443 3137 650 3203 fuisse
696 3141 762 3203 et
800 3138 1027 3220 aptum
1070 3136 1315 3217 amicis,
1370 3141 1597 3222 postea
1640 3141 1857 3206 tamen
1900 3140 1967 3206 in
2014 3139 2233 3205 odium
2276 3139 2526 3225 generis

441 3241 714 3307 humani
757 3242 899 3307 ideo
942 3240 1264 3322 incidisse,
1308 3243 1478 3328 quod
1519 3244 1955 3329 ingratissimo
2014 3244 2227 3310 animo
2284 3244 2525 3312 amico-

443 3364 596 3412 rum
651 3361 910 3413 suorum
967 3346 1243 3413 maxime
1304 3347 1581 3415 offensus
1640 3348 1851 3416 fucrit.
1939 3347 2088 3416 hinc
2131 3350 2413 3417 Luciano
2456 3350 2525 3415 in

441 3448 492 3536 ξ
534 3447 625 3517 55
669 3449 776 3515 fin.
822 3468 937 3534 pro
982 3450 1198 3533 inepto
1240 3449 1518 3539 χρηστὸς
1560 3449 1655 3519 ὤν
1694 3453 1979 3520 restitui:
2048 3450 2389 3542 ἀχάριστος
2433 3450 2527 3519 ὢν

446 3558 516 3620 ct
562 3554 806 3621 contuli
846 3557 891 3636 ἓ
934 3554 1020 3621 48
1066 3554 1217 3621 init:
1265 3553 1480 3622 δίκαια
1523 3556 1874 3623 πέπονθεν
1918 3548 2132 3636 οὗτος,
2181 3553 2524 3645 ἀχάριστος

445 3654 563 3724 ὤν.
660 3662 725 3726 et
778 3659 857 3724 de
914 3659 1036 3726 hac
1093 3660 1351 3743 quidem
1404 3680 1473 3727 re
1516 3662 1837 3729 Lucianus
1895 3662 2057 3728 alios
2100 3680 2370 3746 quoque,
2414 3663 2523 3746 qui

443 3782 579 3830 non
594 3767 813 3830 essent
831 3763 1139 3844 rhetores,
1182 3766 1408 3831 testari
1436 3765 1674 3849 partim
1713 3769 1987 3850 poterat,
2029 3764 2523 3851 Aristophanem

445 3869 514 3933 in
580 3869 850 3952 Lysistr.
916 3869 1079 3935 817:
1161 3866 1371 3952 ἐμίσει
1446 3866 1603 3943 τούς
1678 3867 2016 3955 πονηρούς
2081 3867 2327 3955 ἄνδρας
2393 3868 2515 3949 ἀεί,

445 3972 749 4039 Photium
786 3970 988 4039 CIVta
1023 3972 1254 4058 Epist:
1302 3967 1338 4037 ὃ
1383 3973 1515 4054 μὲν
1558 3968 1677 4039 οὖν
1720 3971 1999 4050 παλαιὸς
2019 3977 2260 4048 ἐκεῖνος
2290 3974 2522 4060 Ἠμων

446 4074 848 4163 μοχθηρίαις
871 4071 1147 4149 ἀτόποις
1169 4072 1545 4161 ἀνθρώπων
1565 4074 1919 4167 περιτυχὼν
1948 4077 2126 4156 ἔδοξε
2167 4117 2274 4160 —-‚
2317 4081 2517 4164 Epist.

444 4180 687 4248 Socrat.
734 4181 953 4250 XXIV
995 4182 1162 4261 (sive
1205 4182 1274 4247 in
1318 4181 1464 4249 edit.
1506 4182 1800 4251 Platonis
1825 4184 1895 4252 T.
1918 4184 2012 4251 VI
2045 4204 2103 4269 p.
2127 4185 2213 4250 66
2234 4184 2516 4269 Herm.):

455 4282 689 4359 Τίμων
748 4281 868 4351 οὖα
920 4278 1008 4368 ἦν
1067 4282 1196 4370 ἄρα
1240 4278 1746 4372 μισάνθρωπος,
1793 4285 1894 4373 μὴ
1939 4284 2249 4374 εὑρίσκων
2289 4289 2520 4374 μέντοι
