<?xml version="1.0" encoding="UTF-8"?>
<!DOCTYPE html PUBLIC "-//W3C//DTD XHTML 1.0 Transitional//EN"
    "http://www.w3.org/TR/xhtml1/DTD/xhtml1-transitional.dtd">
<html xmlns="http://www.w3.org/1999/xhtml" xml:lang="en" lang="en">
 <head>
  <title>
</title>
<meta http-equiv="Content-Type" content="text/html;charset=utf-8" />
  <meta name='ocr-system' content='tesseract 3.04.00' />
  <meta name='ocr-capabilities' content='ocr_page ocr_carea ocr_par ocr_line ocrx_word'/>
</head>
<body>
  <div class='ocr_page' id='page_1' title='image "./lucianussamosat01fritgoog_0209.png"; bbox 0 0 3099 5241; ppageno 0'>
   <div class='ocr_carea' id='block_1_1' title="bbox 1387 388 2542 470">
    <p class='ocr_par' dir='ltr' id='par_1_1' title="bbox 1387 388 2542 470">
     <span class='ocr_line' id='line_1_1' title="bbox 1387 388 2542 470; baseline -0.01 0"><span class='ocrx_word' id='word_1_1' title='bbox 1387 418 1645 470; x_wconf 69' lang='grc' dir='ltr'><strong><em>ΤΙΜΩΝ.</em></strong></span> <span class='ocrx_word' id='word_1_2' title='bbox 2397 388 2542 460; x_wconf 88' lang='grc'><strong><em>161</em></strong></span> 
     </span>
    </p>
   </div>
   <div class='ocr_carea' id='block_1_2' title="bbox 466 585 2694 2032">
    <p class='ocr_par' dir='ltr' id='par_1_2' title="bbox 466 585 2694 2032">
     <span class='ocr_line' id='line_1_2' title="bbox 467 585 2555 676; baseline -0 -20"><span class='ocrx_word' id='word_1_3' title='bbox 467 585 951 676; x_wconf 73' lang='grc' dir='ltr'><strong><em>πλουσιώτερον</em></strong></span> <span class='ocrx_word' id='word_1_4' title='bbox 1006 588 1077 656; x_wconf 78' lang='grc' dir='ltr'><strong><em>δὲ</em></strong></span> <span class='ocrx_word' id='word_1_5' title='bbox 1124 586 1391 673; x_wconf 85' lang='grc' dir='ltr'><strong><em>συνάμα</em></strong></span> <span class='ocrx_word' id='word_1_6' title='bbox 1435 586 1751 675; x_wconf 86' lang='grc' dir='ltr'><strong><em>Κροίσων</em></strong></span> <span class='ocrx_word' id='word_1_7' title='bbox 1794 587 2147 669; x_wconf 76' lang='grc' dir='ltr'><strong><em>ἑκκαίδεκα,</em></strong></span> <span class='ocrx_word' id='word_1_8' title='bbox 2212 593 2285 656; x_wconf 77' lang='grc' dir='ltr'><strong><em>ἐν</em></strong></span> <span class='ocrx_word' id='word_1_9' title='bbox 2329 586 2555 676; x_wconf 81' lang='grc' dir='ltr'><strong><em>ἀκαρεῖ</em></strong></span> 
     </span>
     <span class='ocr_line' id='line_1_3' title="bbox 466 689 2554 782; baseline 0 -22"><span class='ocrx_word' id='word_1_10' title='bbox 466 699 589 760; x_wconf 83' lang='grc' dir='ltr'><strong><em>τοῦ</em></strong></span> <span class='ocrx_word' id='word_1_11' title='bbox 667 692 906 781; x_wconf 82' lang='grc' dir='ltr'><strong><em>χρόνου</em></strong></span> <span class='ocrx_word' id='word_1_12' title='bbox 988 691 1221 769; x_wconf 72' lang='grc' dir='ltr'><strong><em>ἄθλιος</em></strong></span> <span class='ocrx_word' id='word_1_13' title='bbox 1286 693 1462 782; x_wconf 74' lang='grc' dir='ltr'><strong><em>ἐκχέῃ</em></strong></span> <span class='ocrx_word' id='word_1_14' title='bbox 1526 689 1610 758; x_wconf 80' lang='grc' dir='ltr'><strong><em>τοὶ</em></strong></span> <span class='ocrx_word' id='word_1_15' title='bbox 1675 697 1818 758; x_wconf 75' lang='grc' dir='ltr'><strong><em>κατ’</em></strong></span> <span class='ocrx_word' id='word_1_16' title='bbox 1885 690 2104 781; x_wconf 83' lang='grc' dir='ltr'><strong><em>ὀλίγον</em></strong></span> <span class='ocrx_word' id='word_1_17' title='bbox 2170 697 2237 758; x_wconf 72' lang='grc' dir='ltr'><strong><em>ἐκ</em></strong></span> <span class='ocrx_word' id='word_1_18' title='bbox 2288 694 2554 760; x_wconf 80' lang='grc' dir='ltr'><strong><em>πολλῶν</em></strong></span> 
     </span>
     <span class='ocr_line' id='line_1_4' title="bbox 468 795 2545 886; baseline 0 -23"><span class='ocrx_word' id='word_1_19' title='bbox 468 802 811 882; x_wconf 71' lang='grc' dir='ltr'><strong><em>ἐπιορκιῶν</em></strong></span> <span class='ocrx_word' id='word_1_20' title='bbox 874 798 981 863; x_wconf 73' lang='grc' dir='ltr'><strong><em>καὶ</em></strong></span> <span class='ocrx_word' id='word_1_21' title='bbox 1047 795 1364 886; x_wconf 76' lang='grc' dir='ltr'><strong><em>ἁρπαγῶν</em></strong></span> <span class='ocrx_word' id='word_1_22' title='bbox 1422 797 1532 862; x_wconf 75' lang='grc' dir='ltr'><strong><em>καὶ</em></strong></span> <span class='ocrx_word' id='word_1_23' title='bbox 1588 803 2005 883; x_wconf 81' lang='grc' dir='ltr'><strong><em>πανουργιῶν</em></strong></span> <span class='ocrx_word' id='word_1_24' title='bbox 2065 798 2545 886; x_wconf 75' lang='grc' dir='ltr'><strong><em>συνειλεγμένα.</em></strong></span> 
     </span>
     <span class='ocr_line' id='line_1_5' title="bbox 468 897 2554 990; baseline 0 -21"><span class='ocrx_word' id='word_1_25' title='bbox 468 902 570 969; x_wconf 83' lang='grc'><strong><em>24.</em></strong></span> <span class='ocrx_word' id='word_1_26' title='bbox 616 902 845 970; x_wconf 85' lang='grc' dir='ltr'><em>ΕΡΜ.</em></span> <span class='ocrx_word' id='word_1_27' title='bbox 899 897 1065 968; x_wconf 84' lang='grc' dir='ltr'><strong><em>αὐτά</em></strong></span> <span class='ocrx_word' id='word_1_28' title='bbox 1112 925 1250 967; x_wconf 88' lang='grc' dir='ltr'><strong><em>που</em></strong></span> <span class='ocrx_word' id='word_1_29' title='bbox 1296 897 1520 990; x_wconf 81' lang='grc' dir='ltr'><strong><em>σχεδὸν</em></strong></span> <span class='ocrx_word' id='word_1_30' title='bbox 1567 897 1697 987; x_wconf 76' lang='grc' dir='ltr'><strong><em>φῆς</em></strong></span> <span class='ocrx_word' id='word_1_31' title='bbox 1732 897 1812 966; x_wconf 76' lang='grc' dir='ltr'><strong><em>τὰ</em></strong></span> <span class='ocrx_word' id='word_1_32' title='bbox 1841 897 2220 990; x_wconf 77' lang='grc' dir='ltr'><strong><em>γιγνόμενα.</em></strong></span> <span class='ocrx_word' id='word_1_33' title='bbox 2294 898 2554 969; x_wconf 78' lang='grc' dir='ltr'><strong><em>ὁπόταν</em></strong></span> 
     </span>
     <span class='ocr_line' id='line_1_6' title="bbox 469 999 2554 1094; baseline 0 -24"><span class='ocrx_word' id='word_1_34' title='bbox 469 1004 532 1070; x_wconf 72' lang='grc' dir='ltr'><strong><em>δ’</em></strong></span> <span class='ocrx_word' id='word_1_35' title='bbox 581 999 702 1071; x_wconf 79' lang='grc' dir='ltr'><strong><em>οὖν</em></strong></span> <span class='ocrx_word' id='word_1_36' title='bbox 747 1001 1083 1080; x_wconf 78' lang='grc' dir='ltr'><strong><em>αὐτόπους</em></strong></span> <span class='ocrx_word' id='word_1_37' title='bbox 1123 1004 1416 1094; x_wconf 76' lang='grc' dir='ltr'><strong><em>βαδίζῃς,</em></strong></span> <span class='ocrx_word' id='word_1_38' title='bbox 1464 1011 1606 1080; x_wconf 87' lang='grc' dir='ltr'><strong><em>πῶς</em></strong></span> <span class='ocrx_word' id='word_1_39' title='bbox 1650 1004 1820 1071; x_wconf 81' lang='grc' dir='ltr'><strong><em>οὕτω</em></strong></span> <span class='ocrx_word' id='word_1_40' title='bbox 1856 1002 2095 1090; x_wconf 80' lang='grc' dir='ltr'><strong><em>τυφλὸς</em></strong></span> <span class='ocrx_word' id='word_1_41' title='bbox 2127 1002 2217 1073; x_wconf 80' lang='grc' dir='ltr'><strong><em>ὧν</em></strong></span> <span class='ocrx_word' id='word_1_42' title='bbox 2247 1004 2554 1093; x_wconf 70' lang='grc' dir='ltr'><strong><em>εὑρίσκεις</em></strong></span> 
     </span>
     <span class='ocr_line' id='line_1_7' title="bbox 466 1105 2554 1197; baseline 0.001 -23"><span class='ocrx_word' id='word_1_43' title='bbox 466 1107 588 1194; x_wconf 73' lang='grc' dir='ltr'><strong><em>τῆν</em></strong></span> <span class='ocrx_word' id='word_1_44' title='bbox 651 1105 853 1190; x_wconf 64' lang='lat' dir='ltr'><strong><em>edim,-</em></strong></span> <span class='ocrx_word' id='word_1_45' title='bbox 919 1108 964 1193; x_wconf 76' lang='grc' dir='ltr'><em>ἢ</em></span> <span class='ocrx_word' id='word_1_46' title='bbox 1023 1115 1163 1185; x_wconf 89' lang='grc' dir='ltr'><strong><em>πῶς</em></strong></span> <span class='ocrx_word' id='word_1_47' title='bbox 1219 1106 1693 1197; x_wconf 81' lang='grc' dir='ltr'><strong><em>διαγιγνώσκεις</em></strong></span> <span class='ocrx_word' id='word_1_48' title='bbox 1736 1113 1838 1194; x_wconf 79' lang='grc' dir='ltr'><strong><em>ἐφ’</em></strong></span> <span class='ocrx_word' id='word_1_49' title='bbox 1888 1108 2002 1184; x_wconf 80' lang='grc' dir='ltr'><strong><em>οὓς</em></strong></span> <span class='ocrx_word' id='word_1_50' title='bbox 2048 1107 2134 1177; x_wconf 81' lang='grc' dir='ltr'><strong><em>ἄν</em></strong></span> <span class='ocrx_word' id='word_1_51' title='bbox 2179 1135 2251 1176; x_wconf 89' lang='grc' dir='ltr'><strong><em>σε</em></strong></span> <span class='ocrx_word' id='word_1_52' title='bbox 2296 1107 2332 1176; x_wconf 82' lang='grc' dir='ltr'><strong><em>ὃ</em></strong></span> <span class='ocrx_word' id='word_1_53' title='bbox 2378 1106 2554 1185; x_wconf 74' lang='grc' dir='ltr'><strong><em>Ζεὺς</em></strong></span> 
     </span>
     <span class='ocr_line' id='line_1_8' title="bbox 470 1210 2546 1301; baseline -0 -22"><span class='ocrx_word' id='word_1_54' title='bbox 470 1211 823 1301; x_wconf 81' lang='grc' dir='ltr'><strong><em>ἀποστείλῃ</em></strong></span> <span class='ocrx_word' id='word_1_55' title='bbox 866 1214 1088 1299; x_wconf 78' lang='grc' dir='ltr'><strong><em>κρίνας</em></strong></span> <span class='ocrx_word' id='word_1_56' title='bbox 1132 1211 1299 1280; x_wconf 84' lang='grc' dir='ltr'><strong><em>εἶναι</em></strong></span> <span class='ocrx_word' id='word_1_57' title='bbox 1340 1219 1456 1280; x_wconf 87' lang='grc' dir='ltr'><strong><em>τοῦ</em></strong></span> <span class='ocrx_word' id='word_1_58' title='bbox 1502 1213 1810 1279; x_wconf 83' lang='grc' dir='ltr'><strong><em>πλουτεῖν</em></strong></span> <span class='ocrx_word' id='word_1_59' title='bbox 1856 1210 2071 1288; x_wconf 78' lang='grc' dir='ltr'><strong><em>ἀξίους</em></strong></span> <span class='ocrx_word' id='word_1_60' title='bbox 2085 1240 2111 1294; x_wconf 81' lang='lat'><strong><em>,-</em></strong></span> <span class='ocrx_word' id='word_1_61' title='bbox 2177 1213 2546 1281; x_wconf 87' lang='grc' dir='ltr'><em>ΠΛΟΥΤ.</em></span> 
     </span>
     <span class='ocr_line' id='line_1_9' title="bbox 471 1312 2556 1406; baseline 0 -22"><span class='ocrx_word' id='word_1_62' title='bbox 471 1319 591 1384; x_wconf 86' lang='grc' dir='ltr'><strong><em>οἴει</em></strong></span> <span class='ocrx_word' id='word_1_63' title='bbox 655 1315 780 1406; x_wconf 78' lang='grc' dir='ltr'><strong><em>γὰρ</em></strong></span> <span class='ocrx_word' id='word_1_64' title='bbox 849 1314 1163 1403; x_wconf 78' lang='grc' dir='ltr'><strong><em>εὑρίσκειν</em></strong></span> <span class='ocrx_word' id='word_1_65' title='bbox 1226 1342 1317 1403; x_wconf 83' lang='grc' dir='ltr'><strong><em>με</em></strong></span> <span class='ocrx_word' id='word_1_66' title='bbox 1384 1316 1616 1391; x_wconf 64' lang='grc' dir='ltr'><strong><em>οἵτινές</em></strong></span> <span class='ocrx_word' id='word_1_67' title='bbox 1684 1319 1847 1397; x_wconf 68' lang='grc' dir='ltr'><strong><em>εἰσις</em></strong></span> <span class='ocrx_word' id='word_1_68' title='bbox 1927 1313 2025 1402; x_wconf 84' lang='grc' dir='ltr'>μά</span> <span class='ocrx_word' id='word_1_69' title='bbox 2090 1315 2211 1384; x_wconf 85' lang='grc' dir='ltr'><strong><em>τὸν</em></strong></span> <span class='ocrx_word' id='word_1_70' title='bbox 2275 1318 2405 1385; x_wconf 92' lang='grc' dir='ltr'><strong><em>Δία</em></strong></span> <span class='ocrx_word' id='word_1_71' title='bbox 2473 1312 2556 1384; x_wconf 81' lang='grc' dir='ltr'><strong><em>οὐ</em></strong></span> 
     </span>
     <span class='ocr_line' id='line_1_10' title="bbox 467 1418 2555 1509; baseline -0 -21"><span class='ocrx_word' id='word_1_72' title='bbox 467 1419 673 1488; x_wconf 86' lang='grc' dir='ltr'><strong><em>πάνυ·</em></strong></span> <span class='ocrx_word' id='word_1_73' title='bbox 747 1420 826 1488; x_wconf 84' lang='grc' dir='ltr'><strong><em>οὐ</em></strong></span> <span class='ocrx_word' id='word_1_74' title='bbox 867 1419 992 1509; x_wconf 75' lang='grc' dir='ltr'><strong><em>γάρ</em></strong></span> <span class='ocrx_word' id='word_1_75' title='bbox 1038 1419 1123 1488; x_wconf 78' lang='grc' dir='ltr'><strong><em>ἄν</em></strong></span> <span class='ocrx_word' id='word_1_76' title='bbox 1172 1420 1580 1506; x_wconf 52' lang='grc' dir='ltr'><strong><em>Ἀριστείιῆν</em></strong></span> <span class='ocrx_word' id='word_1_77' title='bbox 1625 1418 1999 1488; x_wconf 76' lang='grc' dir='ltr'><strong><em>καταλιπών</em></strong></span> <span class='ocrx_word' id='word_1_78' title='bbox 2045 1419 2404 1509; x_wconf 80' lang='grc' dir='ltr'><strong><em>Ἱππονίκῳ</em></strong></span> <span class='ocrx_word' id='word_1_79' title='bbox 2448 1420 2555 1487; x_wconf 81' lang='grc' dir='ltr'><strong><em>καὶ</em></strong></span> 
     </span>
     <span class='ocr_line' id='line_1_11' title="bbox 469 1522 2556 1613; baseline -0.001 -21"><span class='ocrx_word' id='word_1_80' title='bbox 469 1524 728 1612; x_wconf 81' lang='grc' dir='ltr'><strong><em>Καλλίᾳ</em></strong></span> <span class='ocrx_word' id='word_1_81' title='bbox 791 1522 1111 1613; x_wconf 75' lang='grc' dir='ltr'><strong><em>προσῄειν</em></strong></span> <span class='ocrx_word' id='word_1_82' title='bbox 1175 1527 1282 1591; x_wconf 75' lang='grc' dir='ltr'><strong><em>καὶ</em></strong></span> <span class='ocrx_word' id='word_1_83' title='bbox 1346 1525 1611 1598; x_wconf 76' lang='grc' dir='ltr'><strong><em>πολλοῖς</em></strong></span> <span class='ocrx_word' id='word_1_84' title='bbox 1678 1522 1892 1599; x_wconf 83' lang='grc' dir='ltr'><strong><em>ἄλλοις</em></strong></span> <span class='ocrx_word' id='word_1_85' title='bbox 1949 1523 2335 1609; x_wconf 77' lang='grc' dir='ltr'><strong><em>Ἀθηναίων</em></strong></span> <span class='ocrx_word' id='word_1_86' title='bbox 2401 1522 2556 1591; x_wconf 73' lang='grc' dir='ltr'><strong><em>οὐδὲ</em></strong></span> 
     </span>
     <span class='ocr_line' id='line_1_12' title="bbox 472 1624 2556 1716; baseline -0.002 -19"><span class='ocrx_word' id='word_1_87' title='bbox 472 1628 711 1716; x_wconf 82' lang='grc' dir='ltr'><strong><em>ὀβολοῦ</em></strong></span> <span class='ocrx_word' id='word_1_88' title='bbox 774 1627 994 1705; x_wconf 78' lang='grc' dir='ltr'><strong><em>ἀξίοις.</em></strong></span> <span class='ocrx_word' id='word_1_89' title='bbox 1105 1630 1334 1697; x_wconf 89' lang='grc' dir='ltr'><strong>ΕΡΜ.</strong></span> <span class='ocrx_word' id='word_1_90' title='bbox 1422 1626 1594 1713; x_wconf 77' lang='grc' dir='ltr'><strong><em>πλὴν</em></strong></span> <span class='ocrx_word' id='word_1_91' title='bbox 1657 1624 1813 1694; x_wconf 81' lang='grc' dir='ltr'><strong><em>ἀλλά</em></strong></span> <span class='ocrx_word' id='word_1_92' title='bbox 1872 1626 1937 1694; x_wconf 88' lang='grc' dir='ltr'><strong><em>τί</em></strong></span> <span class='ocrx_word' id='word_1_93' title='bbox 1991 1624 2296 1714; x_wconf 87' lang='grc' dir='ltr'><strong><em>πράττεις</em></strong></span> <span class='ocrx_word' id='word_1_94' title='bbox 2352 1651 2556 1694; x_wconf 83' lang='grc' dir='ltr'><strong><em>κατα-</em></strong></span> 
     </span>
     <span class='ocr_line' id='line_1_13' title="bbox 469 1730 2555 1820; baseline -0.001 -20"><span class='ocrx_word' id='word_1_95' title='bbox 469 1731 806 1820; x_wconf 76' lang='grc' dir='ltr'><strong><em>πεμφθείς</em></strong></span> <span class='ocrx_word' id='word_1_96' title='bbox 821 1761 849 1814; x_wconf 80' lang='lat'><strong><em>,-</em></strong></span> <span class='ocrx_word' id='word_1_97' title='bbox 913 1733 1063 1801; x_wconf 91' lang='grc' dir='ltr'><strong><em>ΠΛ</em></strong></span> <span class='ocrx_word' id='word_1_98' title='bbox 1069 1734 1285 1802; x_wconf 88' lang='grc' dir='ltr'><em>ΟΥΤ.</em></span> <span class='ocrx_word' id='word_1_99' title='bbox 1346 1732 1481 1801; x_wconf 82' lang='grc' dir='ltr'><strong><em>ἅνω</em></strong></span> <span class='ocrx_word' id='word_1_100' title='bbox 1525 1732 1635 1799; x_wconf 84' lang='grc' dir='ltr'><strong><em>καὶ</em></strong></span> <span class='ocrx_word' id='word_1_101' title='bbox 1676 1730 1847 1799; x_wconf 82' lang='grc' dir='ltr'><strong><em>κάτω</em></strong></span> <span class='ocrx_word' id='word_1_102' title='bbox 1891 1733 2244 1819; x_wconf 81' lang='grc' dir='ltr'><strong><em>πλανῶμαι</em></strong></span> <span class='ocrx_word' id='word_1_103' title='bbox 2286 1756 2555 1819; x_wconf 88' lang='grc' dir='ltr'><strong><em>περινο-</em></strong></span> 
     </span>
     <span class='ocr_line' id='line_1_14' title="bbox 471 1832 2555 1927; baseline -0.001 -23"><span class='ocrx_word' id='word_1_104' title='bbox 471 1844 662 1916; x_wconf 88' lang='grc' dir='ltr'><strong><em>στῶν,</em></strong></span> <span class='ocrx_word' id='word_1_105' title='bbox 736 1837 877 1927; x_wconf 83' lang='grc' dir='ltr'><strong><em>ἄχρι</em></strong></span> <span class='ocrx_word' id='word_1_106' title='bbox 943 1837 1023 1904; x_wconf 77' lang='grc' dir='ltr'><strong><em>ἂν</em></strong></span> <span class='ocrx_word' id='word_1_107' title='bbox 1090 1835 1277 1905; x_wconf 75' lang='grc' dir='ltr'><strong><em>λάθω</em></strong></span> <span class='ocrx_word' id='word_1_108' title='bbox 1342 1838 1470 1904; x_wconf 75' lang='grc' dir='ltr'><strong><em>τινὶ</em></strong></span> <span class='ocrx_word' id='word_1_109' title='bbox 1540 1832 1865 1923; x_wconf 78' lang='grc' dir='ltr'><strong><em>ἐμπεσών.</em></strong></span> <span class='ocrx_word' id='word_1_110' title='bbox 1963 1832 1998 1901; x_wconf 81' lang='grc' dir='ltr'><strong>ὃ</strong></span> <span class='ocrx_word' id='word_1_111' title='bbox 2067 1834 2160 1916; x_wconf 78' lang='grc' dir='ltr'><strong><em>δὲ,</em></strong></span> <span class='ocrx_word' id='word_1_112' title='bbox 2234 1837 2410 1911; x_wconf 86' lang='grc' dir='ltr'><strong><em>ὅστις</em></strong></span> <span class='ocrx_word' id='word_1_113' title='bbox 2470 1834 2555 1902; x_wconf 79' lang='grc' dir='ltr'><strong><em>ἂν</em></strong></span> 
     </span>
     <span class='ocr_line' id='line_1_15' title="bbox 468 1937 2694 2032; baseline 0 -24"><span class='ocrx_word' id='word_1_114' title='bbox 468 1939 724 2028; x_wconf 80' lang='grc' dir='ltr'><strong><em>πρῶτός</em></strong></span> <span class='ocrx_word' id='word_1_115' title='bbox 764 1966 885 2027; x_wconf 82' lang='grc' dir='ltr'><strong><em>μοι</em></strong></span> <span class='ocrx_word' id='word_1_116' title='bbox 930 1945 973 1983; x_wconf 74' lang='lat'><strong><em>⁴⁸*</em></strong></span> <span class='ocrx_word' id='word_1_117' title='bbox 1015 1939 1345 2032; x_wconf 70' lang='grc' dir='ltr'><strong><em>περιτύχῃ,</em></strong></span> <span class='ocrx_word' id='word_1_118' title='bbox 1407 1937 1773 2029; x_wconf 83' lang='grc' dir='ltr'><strong><em>α’παγαγῶν</em></strong></span> <span class='ocrx_word' id='word_1_119' title='bbox 1815 1946 1977 2028; x_wconf 81' lang='grc' dir='ltr'><strong><em>παρ’</em></strong></span> <span class='ocrx_word' id='word_1_120' title='bbox 2026 1938 2233 2011; x_wconf 78' lang='grc' dir='ltr'><strong><em>αὑτὸν</em></strong></span> <span class='ocrx_word' id='word_1_121' title='bbox 2276 1945 2421 2030; x_wconf 79' lang='grc' dir='ltr'><strong><em>ἔχει,</em></strong></span> <span class='ocrx_word' id='word_1_122' title='bbox 2482 1943 2554 2008; x_wconf 79' lang='grc' dir='ltr'><strong><em>σὲ</em></strong></span> <span class='ocrx_word' id='word_1_123' title='bbox 2592 1952 2694 2008; x_wconf 80' lang='lat'><strong><em>138</em></strong></span> 
     </span>
    </p>
   </div>
   <div class='ocr_carea' id='block_1_3' title="bbox 478 2111 891 2121">
    <p class='ocr_par' dir='ltr' id='par_1_3' title="bbox 478 2111 891 2121">
     <span class='ocr_line' id='line_1_16' title="bbox 478 2111 891 2121; baseline 0 0"><span class='ocrx_word' id='word_1_124' title='bbox 478 2111 891 2121; x_wconf 95' lang='lat' dir='ltr'><strong><em> </em></strong></span> 
     </span>
    </p>
   </div>
   <div class='ocr_carea' id='block_1_4' title="bbox 466 2185 2559 4503">
    <p class='ocr_par' dir='ltr' id='par_1_4' title="bbox 466 2185 2555 2783">
     <span class='ocr_line' id='line_1_17' title="bbox 468 2185 2555 2257; baseline -0.001 -13"><span class='ocrx_word' id='word_1_125' title='bbox 468 2189 947 2244; x_wconf 79' lang='lat' dir='ltr'><strong>Hemsterhusium.</strong></span> <span class='ocrx_word' id='word_1_126' title='bbox 1019 2188 1268 2242; x_wconf 80' lang='lat' dir='ltr'><strong>librarius</strong></span> <span class='ocrx_word' id='word_1_127' title='bbox 1304 2187 1590 2257; x_wconf 81' lang='lat' dir='ltr'><strong>quaerebat</strong></span> <span class='ocrx_word' id='word_1_128' title='bbox 1604 2186 1939 2256; x_wconf 83' lang='lat' dir='ltr'><strong>proverbium</strong></span> <span class='ocrx_word' id='word_1_129' title='bbox 1970 2185 2141 2254; x_wconf 80' lang='lat' dir='ltr'><strong>magis</strong></span> <span class='ocrx_word' id='word_1_130' title='bbox 2176 2186 2408 2255; x_wconf 75' lang='lat' dir='ltr'><strong>vulgare,</strong></span> <span class='ocrx_word' id='word_1_131' title='bbox 2444 2203 2555 2241; x_wconf 91' lang='lat' dir='ltr'><strong><em>me·</em></strong></span> 
     </span>
     <span class='ocr_line' id='line_1_18' title="bbox 468 2270 2555 2344; baseline -0.001 -14"><span class='ocrx_word' id='word_1_132' title='bbox 468 2292 582 2330; x_wconf 88' lang='lat' dir='ltr'><strong><em>mor</em></strong></span> <span class='ocrx_word' id='word_1_133' title='bbox 615 2274 842 2330; x_wconf 83' lang='lat' dir='ltr'><strong>fortasse</strong></span> <span class='ocrx_word' id='word_1_134' title='bbox 876 2276 982 2330; x_wconf 84' lang='lat' dir='ltr'><strong>loci</strong></span> <span class='ocrx_word' id='word_1_135' title='bbox 1013 2274 1074 2329; x_wconf 86' lang='lat' dir='ltr'><strong><em>in</em></strong></span> <span class='ocrx_word' id='word_1_136' title='bbox 1107 2276 1173 2329; x_wconf 90' lang='lat' dir='ltr'><strong><em>D.</em></strong></span> <span class='ocrx_word' id='word_1_137' title='bbox 1212 2275 1370 2328; x_wconf 83' lang='lat' dir='ltr'><strong>Mort.</strong></span> <span class='ocrx_word' id='word_1_138' title='bbox 1404 2273 1502 2339; x_wconf 88' lang='lat' dir='ltr'><strong><em>IX,</em></strong></span> <span class='ocrx_word' id='word_1_139' title='bbox 1538 2275 1600 2328; x_wconf 84' lang='lat'><strong><em>4:</em></strong></span> <span class='ocrx_word' id='word_1_140' title='bbox 1635 2270 1863 2340; x_wconf 82' lang='grc' dir='ltr'><strong><em>Κόδρου</em></strong></span> <span class='ocrx_word' id='word_1_141' title='bbox 1904 2270 2301 2341; x_wconf 71' lang='grc' dir='ltr'><strong><em>εὐγενέστερος,</em></strong></span> <span class='ocrx_word' id='word_1_142' title='bbox 2349 2273 2414 2329; x_wconf 84' lang='lat' dir='ltr'><strong><em>de</em></strong></span> <span class='ocrx_word' id='word_1_143' title='bbox 2450 2290 2555 2344; x_wconf 88' lang='lat' dir='ltr'><strong><em>quo</em></strong></span> 
     </span>
     <span class='ocr_line' id='line_1_19' title="bbox 468 2359 2555 2430; baseline 0 -13"><span class='ocrx_word' id='word_1_144' title='bbox 468 2363 790 2417; x_wconf 83' lang='lat' dir='ltr'><strong>Leutschius</strong></span> <span class='ocrx_word' id='word_1_145' title='bbox 843 2362 911 2416; x_wconf 84' lang='lat' dir='ltr'><strong><em>ad</em></strong></span> <span class='ocrx_word' id='word_1_146' title='bbox 962 2362 1249 2417; x_wconf 87' lang='lat' dir='ltr'><strong>Zenobium</strong></span> <span class='ocrx_word' id='word_1_147' title='bbox 1296 2361 1391 2426; x_wconf 89' lang='lat' dir='ltr'><strong><em>IV,</em></strong></span> <span class='ocrx_word' id='word_1_148' title='bbox 1438 2364 1472 2417; x_wconf 84' lang='lat'><strong>3</strong></span> <span class='ocrx_word' id='word_1_149' title='bbox 1518 2378 1571 2430; x_wconf 89' lang='lat' dir='ltr'><strong><em>p.</em></strong></span> <span class='ocrx_word' id='word_1_150' title='bbox 1618 2362 1703 2416; x_wconf 88' lang='lat'><strong><em>84.</em></strong></span> <span class='ocrx_word' id='word_1_151' title='bbox 1775 2360 1833 2413; x_wconf 84' lang='lat' dir='ltr'><strong><em>in</em></strong></span> <span class='ocrx_word' id='word_1_152' title='bbox 1878 2359 2090 2414; x_wconf 79' lang='lat' dir='ltr'><strong>Achille</strong></span> <span class='ocrx_word' id='word_1_153' title='bbox 2139 2359 2293 2414; x_wconf 79' lang='lat' dir='ltr'><strong>Tatio</strong></span> <span class='ocrx_word' id='word_1_154' title='bbox 2343 2359 2439 2425; x_wconf 85' lang='lat' dir='ltr'><strong><em>VI,</em></strong></span> <span class='ocrx_word' id='word_1_155' title='bbox 2489 2363 2555 2418; x_wconf 80' lang='lat'><strong><em>12</em></strong></span> 
     </span>
     <span class='ocr_line' id='line_1_20' title="bbox 468 2440 2551 2519; baseline -0.004 -13"><span class='ocrx_word' id='word_1_156' title='bbox 468 2466 521 2519; x_wconf 86' lang='lat' dir='ltr'><strong><em>p.</em></strong></span> <span class='ocrx_word' id='word_1_157' title='bbox 560 2452 659 2505; x_wconf 84' lang='lat'><strong><em>142</em></strong></span> <span class='ocrx_word' id='word_1_158' title='bbox 694 2449 756 2504; x_wconf 85' lang='lat' dir='ltr'><strong><em>J:</em></strong></span> <span class='ocrx_word' id='word_1_159' title='bbox 807 2449 917 2502; x_wconf 62' lang='grc' dir='ltr'><strong><em>εἶτε</em></strong></span> <span class='ocrx_word' id='word_1_160' title='bbox 957 2446 1071 2502; x_wconf 83' lang='grc' dir='ltr'><strong><em>ἐστὶ</em></strong></span> <span class='ocrx_word' id='word_1_161' title='bbox 1106 2454 1198 2500; x_wconf 81' lang='grc' dir='ltr'><strong><em>καὶ</em></strong></span> <span class='ocrx_word' id='word_1_162' title='bbox 1234 2442 1462 2515; x_wconf 75' lang='grc' dir='ltr'><strong><em>Κόδρου</em></strong></span> <span class='ocrx_word' id='word_1_163' title='bbox 1502 2445 1900 2516; x_wconf 78' lang='grc' dir='ltr'><strong><em>εὐγενέστερος,</em></strong></span> <span class='ocrx_word' id='word_1_164' title='bbox 1953 2447 2061 2500; x_wconf 73' lang='grc' dir='ltr'><strong><em>εἴτε</em></strong></span> <span class='ocrx_word' id='word_1_165' title='bbox 2097 2448 2345 2516; x_wconf 84' lang='grc' dir='ltr'><strong><em>Κροίσου</em></strong></span> <span class='ocrx_word' id='word_1_166' title='bbox 2380 2440 2551 2499; x_wconf 72' lang='grc' dir='ltr'><strong><em>πλου-</em></strong></span> 
     </span>
     <span class='ocr_line' id='line_1_21' title="bbox 471 2529 2553 2604; baseline -0.001 -16"><span class='ocrx_word' id='word_1_167' title='bbox 471 2533 736 2604; x_wconf 72' lang='grc' dir='ltr'><strong><em>σιώτερος</em></strong></span> <span class='ocrx_word' id='word_1_168' title='bbox 770 2536 945 2591; x_wconf 80' lang='lat' dir='ltr'><strong>deleta</strong></span> <span class='ocrx_word' id='word_1_169' title='bbox 974 2552 1101 2591; x_wconf 83' lang='lat' dir='ltr'><strong>voce</strong></span> <span class='ocrx_word' id='word_1_170' title='bbox 1135 2537 1233 2587; x_wconf 76' lang='grc' dir='ltr'><strong><em>καί</em></strong></span> <span class='ocrx_word' id='word_1_171' title='bbox 1262 2534 1463 2589; x_wconf 83' lang='lat' dir='ltr'><strong>scribe:</strong></span> <span class='ocrx_word' id='word_1_172' title='bbox 1502 2531 1593 2587; x_wconf 82' lang='grc' dir='ltr'><strong><em>εἴτ’</em></strong></span> <span class='ocrx_word' id='word_1_173' title='bbox 1634 2532 1751 2586; x_wconf 75' lang='grc' dir='ltr'><strong><em>ἔστι</em></strong></span> <span class='ocrx_word' id='word_1_174' title='bbox 1785 2530 2012 2603; x_wconf 80' lang='grc' dir='ltr'><strong><em>Κόδρου</em></strong></span> <span class='ocrx_word' id='word_1_175' title='bbox 2049 2562 2134 2586; x_wconf 87' lang='grc'><strong><em>-.</em></strong></span> <span class='ocrx_word' id='word_1_176' title='bbox 2278 2529 2553 2586; x_wconf 82' lang='grc' dir='ltr'><strong><em>πλουσιώ-</em></strong></span> 
     </span>
     <span class='ocr_line' id='line_1_22' title="bbox 466 2617 2554 2692; baseline -0 -16"><span class='ocrx_word' id='word_1_177' title='bbox 466 2642 635 2692; x_wconf 85' lang='grc' dir='ltr'><strong><em>τερον</em></strong></span> <span class='ocrx_word' id='word_1_178' title='bbox 672 2619 757 2692; x_wconf 76' lang='grc' dir='ltr'><strong><em>ὃὲ]</em></strong></span> <span class='ocrx_word' id='word_1_179' title='bbox 803 2619 863 2676; x_wconf 73' lang='grc' dir='ltr'><strong><em>δὲ</em></strong></span> <span class='ocrx_word' id='word_1_180' title='bbox 901 2640 986 2678; x_wconf 90' lang='lat' dir='ltr'><strong><em>om</em></strong></span> <span class='ocrx_word' id='word_1_181' title='bbox 1019 2623 1143 2678; x_wconf 79' lang='grc' dir='ltr'><strong><em>ΑΨ.</em></strong></span> <span class='ocrx_word' id='word_1_182' title='bbox 1287 2622 1566 2691; x_wconf 84' lang='grc' dir='ltr'><strong><em>Κροίσων]</em></strong></span> <span class='ocrx_word' id='word_1_183' title='bbox 1606 2624 1812 2690; x_wconf 85' lang='grc' dir='ltr'><strong><em>κροίσω</em></strong></span> <span class='ocrx_word' id='word_1_184' title='bbox 1849 2623 1911 2674; x_wconf 92' lang='grc' dir='ltr'><strong><em>Ο.</em></strong></span> <span class='ocrx_word' id='word_1_185' title='bbox 2058 2617 2352 2676; x_wconf 77' lang='grc' dir='ltr'><strong><em>ἑκκαίδεκα</em></strong></span> <span class='ocrx_word' id='word_1_186' title='bbox 2385 2620 2452 2686; x_wconf 86' lang='lat' dir='ltr'><strong><em>A,</em></strong></span> <span class='ocrx_word' id='word_1_187' title='bbox 2490 2640 2554 2675; x_wconf 85' lang='grc' dir='ltr'><strong><em>στ</em></strong></span> 
     </span>
     <span class='ocr_line' id='line_1_23' title="bbox 468 2706 2458 2783; baseline -0.003 -18"><span class='ocrx_word' id='word_1_188' title='bbox 468 2711 514 2765; x_wconf 90' lang='lat' dir='ltr'>L</span> <span class='ocrx_word' id='word_1_189' title='bbox 550 2712 713 2766; x_wconf 79' lang='lat' dir='ltr'><strong>solue.</strong></span> <span class='ocrx_word' id='word_1_190' title='bbox 857 2707 1031 2783; x_wconf 78' lang='grc' dir='ltr'><strong><em>ἐκχέῃ]</em></strong></span> <span class='ocrx_word' id='word_1_191' title='bbox 1072 2708 1245 2776; x_wconf 74' lang='grc' dir='ltr'><strong><em>ἐκχέει</em></strong></span> <span class='ocrx_word' id='word_1_192' title='bbox 1287 2711 1519 2768; x_wconf 61' lang='lat' dir='ltr'><strong><em>⁹¹522OR.</em></strong></span> <span class='ocrx_word' id='word_1_193' title='bbox 1664 2706 1986 2776; x_wconf 76' lang='grc' dir='ltr'><strong><em>ἐπιορκιῶν]</em></strong></span> <span class='ocrx_word' id='word_1_194' title='bbox 2025 2706 2309 2776; x_wconf 74' lang='grc' dir='ltr'><strong><em>ἔφορκιῶν</em></strong></span> <span class='ocrx_word' id='word_1_195' title='bbox 2348 2709 2458 2763; x_wconf 83' lang='lat' dir='ltr'><strong><em>OR.</em></strong></span> 
     </span>
    </p>

    <p class='ocr_par' dir='ltr' id='par_1_5' title="bbox 467 2791 2559 4428">
     <span class='ocr_line' id='line_1_24' title="bbox 608 2791 2555 2870; baseline -0.001 -17"><span class='ocrx_word' id='word_1_196' title='bbox 608 2799 693 2853; x_wconf 86' lang='lat'><strong><em>24.</em></strong></span> <span class='ocrx_word' id='word_1_197' title='bbox 763 2794 1029 2867; x_wconf 83' lang='grc' dir='ltr'><strong><em>γινόμενα</em></strong></span> <span class='ocrx_word' id='word_1_198' title='bbox 1063 2796 1175 2863; x_wconf 82' lang='lat' dir='ltr'><strong><em>PR,</em></strong></span> <span class='ocrx_word' id='word_1_199' title='bbox 1209 2795 1480 2867; x_wconf 82' lang='grc' dir='ltr'><strong><em>γενόμενα</em></strong></span> <span class='ocrx_word' id='word_1_200' title='bbox 1503 2798 1567 2848; x_wconf 79' lang='grc' dir='ltr'><strong><em>Ο.</em></strong></span> <span class='ocrx_word' id='word_1_201' title='bbox 1712 2791 1962 2863; x_wconf 66' lang='grc' dir='ltr'><strong><em>βαδίζεις</em></strong></span> <span class='ocrx_word' id='word_1_202' title='bbox 1978 2795 2042 2849; x_wconf 90' lang='lat' dir='ltr'><strong><em>Y.</em></strong></span> <span class='ocrx_word' id='word_1_203' title='bbox 2187 2792 2350 2870; x_wconf 74' lang='grc' dir='ltr'><strong><em>οὕτω]</em></strong></span> <span class='ocrx_word' id='word_1_204' title='bbox 2384 2792 2555 2852; x_wconf 69' lang='grc' dir='ltr'><strong><em>οὕτως</em></strong></span> 
     </span>
     <span class='ocr_line' id='line_1_25' title="bbox 469 2877 2552 2953; baseline -0.001 -16"><span class='ocrx_word' id='word_1_205' title='bbox 469 2884 534 2937; x_wconf 84' lang='lat' dir='ltr'><strong><em>R.</em></strong></span> <span class='ocrx_word' id='word_1_206' title='bbox 678 2884 806 2938; x_wconf 83' lang='lat' dir='ltr'>libri</span> <span class='ocrx_word' id='word_1_207' title='bbox 843 2879 1238 2953; x_wconf 68' lang='grc' dir='ltr'><strong><em>διαγινώσκεις.</em></strong></span> <span class='ocrx_word' id='word_1_208' title='bbox 1312 2883 1444 2938; x_wconf 78' lang='lat' dir='ltr'><strong>haec</strong></span> <span class='ocrx_word' id='word_1_209' title='bbox 1479 2881 1670 2947; x_wconf 79' lang='lat' dir='ltr'><strong>omnia,</strong></span> <span class='ocrx_word' id='word_1_210' title='bbox 1704 2880 1823 2939; x_wconf 74' lang='grc' dir='ltr'><strong><em>πῶς</em></strong></span> <span class='ocrx_word' id='word_1_211' title='bbox 1856 2878 1999 2935; x_wconf 71' lang='grc' dir='ltr'><strong><em>οὕτω</em></strong></span> <span class='ocrx_word' id='word_1_212' title='bbox 2024 2877 2229 2950; x_wconf 77' lang='grc' dir='ltr'><strong><em>τυφλὸς</em></strong></span> <span class='ocrx_word' id='word_1_213' title='bbox 2249 2878 2552 2935; x_wconf 69' lang='grc' dir='ltr'><strong><em>(ὂν-δια-</em></strong></span> 
     </span>
     <span class='ocr_line' id='line_1_26' title="bbox 467 2967 2553 3039; baseline 0.001 -18"><span class='ocrx_word' id='word_1_214' title='bbox 467 2967 782 3039; x_wconf 73' lang='grc' dir='ltr'><strong><em>γιγνώσκεις</em></strong></span> <span class='ocrx_word' id='word_1_215' title='bbox 815 2970 1008 3024; x_wconf 79' lang='lat' dir='ltr'><strong>sumsit</strong></span> <span class='ocrx_word' id='word_1_216' title='bbox 1041 2986 1105 3024; x_wconf 86' lang='lat' dir='ltr'><strong><em>ex</em></strong></span> <span class='ocrx_word' id='word_1_217' title='bbox 1138 2969 1414 3039; x_wconf 82' lang='lat' dir='ltr'><strong>Aristoph.</strong></span> <span class='ocrx_word' id='word_1_218' title='bbox 1452 2969 1615 3024; x_wconf 90' lang='lat' dir='ltr'><strong>Pluto</strong></span> <span class='ocrx_word' id='word_1_219' title='bbox 1649 2987 1696 3023; x_wconf 84' lang='lat' dir='ltr'><strong><em>v.</em></strong></span> <span class='ocrx_word' id='word_1_220' title='bbox 1733 2971 1817 3033; x_wconf 90' lang='lat'><strong><em>91,</em></strong></span> <span class='ocrx_word' id='word_1_221' title='bbox 1853 2971 1917 3023; x_wconf 84' lang='lat' dir='ltr'><strong><em>ut</em></strong></span> <span class='ocrx_word' id='word_1_222' title='bbox 1948 2972 2093 3024; x_wconf 89' lang='lat' dir='ltr'><strong>recte</strong></span> <span class='ocrx_word' id='word_1_223' title='bbox 2127 2969 2325 3024; x_wconf 78' lang='lat' dir='ltr'><strong>alicubi</strong></span> <span class='ocrx_word' id='word_1_224' title='bbox 2351 2969 2553 3024; x_wconf 80' lang='lat' dir='ltr'><strong>Schwi-</strong></span> 
     </span>
     <span class='ocr_line' id='line_1_27' title="bbox 469 3051 2553 3126; baseline 0 -17"><span class='ocrx_word' id='word_1_225' title='bbox 469 3056 675 3126; x_wconf 79' lang='lat' dir='ltr'><strong>dopiUS.</strong></span> <span class='ocrx_word' id='word_1_226' title='bbox 820 3051 957 3123; x_wconf 79' lang='grc' dir='ltr'><strong><em>εἰσι;</em></strong></span> <span class='ocrx_word' id='word_1_227' title='bbox 996 3055 1076 3122; x_wconf 81' lang='grc' dir='ltr'><strong><em>μὰ</em></strong></span> <span class='ocrx_word' id='word_1_228' title='bbox 1104 3083 1173 3093; x_wconf 92' lang='lat'><strong><em>—-</em></strong></span> <span class='ocrx_word' id='word_1_229' title='bbox 1190 3054 1465 3124; x_wconf 82' lang='grc' dir='ltr'><strong><em>προσήειν</em></strong></span> <span class='ocrx_word' id='word_1_230' title='bbox 1482 3084 1552 3093; x_wconf 91' lang='lat'><strong><em>—-</em></strong></span> <span class='ocrx_word' id='word_1_231' title='bbox 1572 3052 1943 3117; x_wconf 62' lang='grc' dir='ltr'><strong><em>ἀξίοιςΕΡΜ.</em></strong></span> <span class='ocrx_word' id='word_1_232' title='bbox 1966 3053 2111 3122; x_wconf 83' lang='grc' dir='ltr'><strong><em>πλὴν</em></strong></span> <span class='ocrx_word' id='word_1_233' title='bbox 2127 3083 2196 3094; x_wconf 91' lang='grc'>-</span> <span class='ocrx_word' id='word_1_234' title='bbox 2213 3055 2553 3121; x_wconf 65' lang='grc' dir='ltr'><strong><em>ΑΨΩΩςΡΒι,</em></strong></span> 
     </span>
     <span class='ocr_line' id='line_1_28' title="bbox 472 3137 2555 3215; baseline 0.001 -20"><span class='ocrx_word' id='word_1_235' title='bbox 472 3137 610 3210; x_wconf 66' lang='grc' dir='ltr'><strong><em>εἵως</em></strong></span> <span class='ocrx_word' id='word_1_236' title='bbox 646 3146 825 3194; x_wconf 83' lang='grc' dir='ltr'><strong><em>ΕΡΜ.</em></strong></span> <span class='ocrx_word' id='word_1_237' title='bbox 865 3143 945 3210; x_wconf 79' lang='grc' dir='ltr'><strong><em>μὰ</em></strong></span> <span class='ocrx_word' id='word_1_238' title='bbox 977 3169 1047 3180; x_wconf 90' lang='grc'><strong><em>--</em></strong></span> <span class='ocrx_word' id='word_1_239' title='bbox 1071 3140 1341 3215; x_wconf 77' lang='grc' dir='ltr'><strong><em>προσῄεις</em></strong></span> <span class='ocrx_word' id='word_1_240' title='bbox 1370 3170 1440 3180; x_wconf 93' lang='lat'><strong><em>-—·</em></strong></span> <span class='ocrx_word' id='word_1_241' title='bbox 1472 3139 1668 3204; x_wconf 78' lang='grc' dir='ltr'><strong><em>ἀξίοις.</em></strong></span> <span class='ocrx_word' id='word_1_242' title='bbox 1741 3139 1973 3209; x_wconf 71' lang='grc' dir='ltr'><strong><em>πλὴν-</em></strong></span> <span class='ocrx_word' id='word_1_243' title='bbox 1994 3145 2040 3194; x_wconf 93' lang='grc' dir='ltr'><em>Ο</em></span> <span class='ocrx_word' id='word_1_244' title='bbox 2077 3145 2132 3197; x_wconf 78' lang='lat' dir='ltr'><strong><em>et</em></strong></span> <span class='ocrx_word' id='word_1_245' title='bbox 2165 3161 2213 3198; x_wconf 84' lang='lat' dir='ltr'><strong><em>v.</em></strong></span> <span class='ocrx_word' id='word_1_246' title='bbox 2284 3142 2555 3211; x_wconf 75' lang='lat' dir='ltr'><strong>vulgatam</strong></span> 
     </span>
     <span class='ocr_line' id='line_1_29' title="bbox 469 3226 2553 3300; baseline 0 -17"><span class='ocrx_word' id='word_1_247' title='bbox 469 3228 748 3283; x_wconf 85' lang='lat' dir='ltr'><strong>defendere</strong></span> <span class='ocrx_word' id='word_1_248' title='bbox 780 3229 927 3285; x_wconf 89' lang='lat' dir='ltr'><strong>licet.</strong></span> <span class='ocrx_word' id='word_1_249' title='bbox 998 3227 1124 3298; x_wconf 80' lang='grc' dir='ltr'><strong><em>(μιὰ</em></strong></span> <span class='ocrx_word' id='word_1_250' title='bbox 1159 3228 1259 3282; x_wconf 87' lang='grc' dir='ltr'><strong><em>τὸν</em></strong></span> <span class='ocrx_word' id='word_1_251' title='bbox 1275 3227 1396 3296; x_wconf 80' lang='grc' dir='ltr'><strong><em>Δί’)</em></strong></span> <span class='ocrx_word' id='word_1_252' title='bbox 1436 3226 1498 3282; x_wconf 78' lang='grc' dir='ltr'><strong><em>οὐ</em></strong></span> <span class='ocrx_word' id='word_1_253' title='bbox 1537 3226 1685 3282; x_wconf 77' lang='grc' dir='ltr'><strong><em>πάνυ</em></strong></span> <span class='ocrx_word' id='word_1_254' title='bbox 1722 3230 1788 3283; x_wconf 76' lang='lat' dir='ltr'><strong><em>ab</em></strong></span> <span class='ocrx_word' id='word_1_255' title='bbox 1822 3230 1980 3284; x_wconf 83' lang='lat' dir='ltr'><strong>initio</strong></span> <span class='ocrx_word' id='word_1_256' title='bbox 1996 3231 2173 3300; x_wconf 79' lang='lat' dir='ltr'><strong>posita</strong></span> <span class='ocrx_word' id='word_1_257' title='bbox 2190 3232 2319 3284; x_wconf 81' lang='lat' dir='ltr'><strong>sunt</strong></span> <span class='ocrx_word' id='word_1_258' title='bbox 2334 3246 2553 3299; x_wconf 81' lang='lat' dir='ltr'><strong>respon-</strong></span> 
     </span>
     <span class='ocr_line' id='line_1_30' title="bbox 471 3312 2553 3386; baseline 0 -17"><span class='ocrx_word' id='word_1_259' title='bbox 471 3315 661 3381; x_wconf 68' lang='lat' dir='ltr'><strong>dentia,</strong></span> <span class='ocrx_word' id='word_1_260' title='bbox 694 3319 758 3370; x_wconf 91' lang='lat' dir='ltr'><strong><em>ut</em></strong></span> <span class='ocrx_word' id='word_1_261' title='bbox 790 3316 851 3370; x_wconf 80' lang='lat' dir='ltr'><strong><em>in</em></strong></span> <span class='ocrx_word' id='word_1_262' title='bbox 884 3316 1121 3370; x_wconf 86' lang='lat' dir='ltr'><strong>Hermot.</strong></span> <span class='ocrx_word' id='word_1_263' title='bbox 1159 3316 1191 3383; x_wconf 64' lang='grc' dir='ltr'>ξ</span> <span class='ocrx_word' id='word_1_264' title='bbox 1227 3318 1293 3373; x_wconf 85' lang='grc'><strong><em>13</em></strong></span> <span class='ocrx_word' id='word_1_265' title='bbox 1326 3315 1436 3381; x_wconf 69' lang='lat' dir='ltr'><strong><em>fin„</em></strong></span> <span class='ocrx_word' id='word_1_266' title='bbox 1471 3333 1643 3385; x_wconf 89' lang='lat' dir='ltr'><strong>neque</strong></span> <span class='ocrx_word' id='word_1_267' title='bbox 1676 3312 1822 3382; x_wconf 82' lang='grc' dir='ltr'><strong><em>πλὴν</em></strong></span> <span class='ocrx_word' id='word_1_268' title='bbox 1860 3313 1998 3369; x_wconf 81' lang='grc' dir='ltr'><strong><em>ἀλλὰ</em></strong></span> <span class='ocrx_word' id='word_1_269' title='bbox 2034 3332 2257 3386; x_wconf 83' lang='lat' dir='ltr'><strong>usquam</strong></span> <span class='ocrx_word' id='word_1_270' title='bbox 2293 3317 2359 3370; x_wconf 84' lang='lat' dir='ltr'><strong><em>ab</em></strong></span> <span class='ocrx_word' id='word_1_271' title='bbox 2395 3316 2553 3370; x_wconf 85' lang='lat' dir='ltr'><strong>initio</strong></span> 
     </span>
     <span class='ocr_line' id='line_1_31' title="bbox 471 3401 2555 3473; baseline 0 -17"><span class='ocrx_word' id='word_1_272' title='bbox 471 3402 605 3456; x_wconf 88' lang='lat' dir='ltr'><strong>dicit</strong></span> <span class='ocrx_word' id='word_1_273' title='bbox 638 3403 732 3472; x_wconf 88' lang='lat' dir='ltr'><strong><em>qui</em></strong></span> <span class='ocrx_word' id='word_1_274' title='bbox 765 3402 920 3457; x_wconf 75' lang='lat' dir='ltr'><strong>alteri</strong></span> <span class='ocrx_word' id='word_1_275' title='bbox 951 3401 1253 3473; x_wconf 79' lang='lat' dir='ltr'><strong>respondet,</strong></span> <span class='ocrx_word' id='word_1_276' title='bbox 1307 3401 1404 3456; x_wconf 85' lang='lat' dir='ltr'><strong><em>sed</em></strong></span> <span class='ocrx_word' id='word_1_277' title='bbox 1437 3405 1501 3456; x_wconf 87' lang='lat' dir='ltr'><strong><em>ut</em></strong></span> <span class='ocrx_word' id='word_1_278' title='bbox 1543 3402 1604 3456; x_wconf 87' lang='lat' dir='ltr'><strong><em>in</em></strong></span> <span class='ocrx_word' id='word_1_279' title='bbox 1635 3403 1855 3472; x_wconf 77' lang='lat' dir='ltr'><strong>vulgata</strong></span> <span class='ocrx_word' id='word_1_280' title='bbox 1886 3402 1942 3458; x_wconf 88' lang='lat' dir='ltr'><strong><em>h.</em></strong></span> <span class='ocrx_word' id='word_1_281' title='bbox 1966 3403 2034 3469; x_wconf 83' lang='lat' dir='ltr'><strong>·l.‚</strong></span> <span class='ocrx_word' id='word_1_282' title='bbox 2080 3403 2264 3458; x_wconf 79' lang='lat' dir='ltr'><strong>eodem</strong></span> <span class='ocrx_word' id='word_1_283' title='bbox 2305 3402 2459 3457; x_wconf 84' lang='lat' dir='ltr'>modo</span> <span class='ocrx_word' id='word_1_284' title='bbox 2495 3404 2555 3457; x_wconf 89' lang='lat' dir='ltr'><strong><em>in</em></strong></span> 
     </span>
     <span class='ocr_line' id='line_1_32' title="bbox 469 3488 2554 3560; baseline 0 -17"><span class='ocrx_word' id='word_1_285' title='bbox 469 3490 535 3543; x_wconf 90' lang='lat' dir='ltr'><strong><em>D.</em></strong></span> <span class='ocrx_word' id='word_1_286' title='bbox 570 3489 727 3544; x_wconf 86' lang='lat' dir='ltr'><strong>Deor.</strong></span> <span class='ocrx_word' id='word_1_287' title='bbox 763 3490 829 3554; x_wconf 86' lang='lat' dir='ltr'><strong><em>V,</em></strong></span> <span class='ocrx_word' id='word_1_288' title='bbox 864 3492 915 3555; x_wconf 80' lang='lat'><strong><em>2,</em></strong></span> <span class='ocrx_word' id='word_1_289' title='bbox 949 3489 1081 3544; x_wconf 85' lang='lat' dir='ltr'><strong>ibid.</strong></span> <span class='ocrx_word' id='word_1_290' title='bbox 1117 3488 1266 3554; x_wconf 88' lang='lat' dir='ltr'><strong>XVI,</strong></span> <span class='ocrx_word' id='word_1_291' title='bbox 1302 3491 1351 3554; x_wconf 87' lang='lat'><strong><em>2,</em></strong></span> <span class='ocrx_word' id='word_1_292' title='bbox 1391 3488 1544 3545; x_wconf 77' lang='lat' dir='ltr'><strong>Gallo</strong></span> <span class='ocrx_word' id='word_1_293' title='bbox 1580 3488 1613 3555; x_wconf 69' lang='grc' dir='ltr'>ἓ</span> <span class='ocrx_word' id='word_1_294' title='bbox 1651 3494 1699 3554; x_wconf 90' lang='grc'><strong><em>5,</em></strong></span> <span class='ocrx_word' id='word_1_295' title='bbox 1734 3489 2078 3560; x_wconf 84' lang='lat' dir='ltr'><strong>Philopseud.</strong></span> <span class='ocrx_word' id='word_1_296' title='bbox 2117 3489 2150 3557; x_wconf 65' lang='grc' dir='ltr'>ἓ</span> <span class='ocrx_word' id='word_1_297' title='bbox 2185 3492 2250 3546; x_wconf 85' lang='grc'><strong><em>15</em></strong></span> <span class='ocrx_word' id='word_1_298' title='bbox 2283 3490 2422 3555; x_wconf 68' lang='lat' dir='ltr'><strong>init„</strong></span> <span class='ocrx_word' id='word_1_299' title='bbox 2456 3489 2554 3544; x_wconf 82' lang='lat' dir='ltr'><strong><em>Bis</em></strong></span> 
     </span>
     <span class='ocr_line' id='line_1_33' title="bbox 469 3570 2554 3649; baseline 0 -20"><span class='ocrx_word' id='word_1_300' title='bbox 469 3574 661 3631; x_wconf 79' lang='lat' dir='ltr'><strong>Accus,</strong></span> <span class='ocrx_word' id='word_1_301' title='bbox 700 3575 732 3642; x_wconf 66' lang='grc' dir='ltr'><strong>ἓ</strong></span> <span class='ocrx_word' id='word_1_302' title='bbox 766 3579 834 3633; x_wconf 80' lang='lat'><strong><em>20</em></strong></span> <span class='ocrx_word' id='word_1_303' title='bbox 868 3576 971 3631; x_wconf 82' lang='lat' dir='ltr'><strong><em>bis.</em></strong></span> <span class='ocrx_word' id='word_1_304' title='bbox 1043 3575 1181 3630; x_wconf 85' lang='lat' dir='ltr'><strong>illud</strong></span> <span class='ocrx_word' id='word_1_305' title='bbox 1214 3578 1392 3630; x_wconf 83' lang='lat' dir='ltr'><strong>tamen</strong></span> <span class='ocrx_word' id='word_1_306' title='bbox 1429 3570 1641 3642; x_wconf 75' lang='grc' dir='ltr'><strong><em>Καλλίᾳ</em></strong></span> <span class='ocrx_word' id='word_1_307' title='bbox 1685 3574 1960 3649; x_wconf 80' lang='grc' dir='ltr'><strong><em>προσῄειν</em></strong></span> <span class='ocrx_word' id='word_1_308' title='bbox 2005 3576 2154 3646; x_wconf 86' lang='lat' dir='ltr'><strong>loqui</strong></span> <span class='ocrx_word' id='word_1_309' title='bbox 2200 3577 2318 3646; x_wconf 80' lang='lat' dir='ltr'><strong>ipse</strong></span> <span class='ocrx_word' id='word_1_310' title='bbox 2358 3576 2554 3631; x_wconf 79' lang='lat' dir='ltr'><strong>Plutus</strong></span> 
     </span>
     <span class='ocr_line' id='line_1_34' title="bbox 468 3660 2552 3733; baseline 0.001 -17"><span class='ocrx_word' id='word_1_311' title='bbox 468 3664 663 3733; x_wconf 76' lang='lat' dir='ltr'><strong>potest,</strong></span> <span class='ocrx_word' id='word_1_312' title='bbox 699 3663 793 3732; x_wconf 86' lang='lat' dir='ltr'><strong><em>qui</em></strong></span> <span class='ocrx_word' id='word_1_313' title='bbox 826 3662 1021 3717; x_wconf 81' lang='lat' dir='ltr'><strong>similia</strong></span> <span class='ocrx_word' id='word_1_314' title='bbox 1052 3663 1219 3718; x_wconf 75' lang='lat' dir='ltr'><strong>habet</strong></span> <span class='ocrx_word' id='word_1_315' title='bbox 1250 3660 1392 3716; x_wconf 78' lang='lat' dir='ltr'><strong>infra</strong></span> <span class='ocrx_word' id='word_1_316' title='bbox 1425 3662 1545 3729; x_wconf 73' lang='lat'><strong><em>§30</em></strong></span> <span class='ocrx_word' id='word_1_317' title='bbox 1579 3661 1670 3717; x_wconf 78' lang='lat' dir='ltr'><strong><em>fin.</em></strong></span> <span class='ocrx_word' id='word_1_318' title='bbox 1813 3660 1879 3714; x_wconf 79' lang='grc' dir='ltr'><strong><em>οὐ</em></strong></span> <span class='ocrx_word' id='word_1_319' title='bbox 1915 3662 2022 3732; x_wconf 82' lang='grc' dir='ltr'><strong><em>γὰρ</em></strong></span> <span class='ocrx_word' id='word_1_320' title='bbox 2063 3661 2131 3716; x_wconf 72' lang='grc' dir='ltr'><strong><em>ἂν</em></strong></span> <span class='ocrx_word' id='word_1_321' title='bbox 2164 3662 2552 3730; x_wconf 67' lang='grc' dir='ltr'><strong><em>ΑΟΨΩΩςΡΒ,</em></strong></span> 
     </span>
     <span class='ocr_line' id='line_1_35' title="bbox 472 3746 2556 3820; baseline -0 -18"><span class='ocrx_word' id='word_1_322' title='bbox 472 3746 535 3802; x_wconf 79' lang='grc' dir='ltr'><strong><em>οὗ</em></strong></span> <span class='ocrx_word' id='word_1_323' title='bbox 572 3748 679 3820; x_wconf 84' lang='grc' dir='ltr'><strong><em>γὰρ</em></strong></span> <span class='ocrx_word' id='word_1_324' title='bbox 715 3749 824 3818; x_wconf 89' lang='lat' dir='ltr'><strong><em>(om</em></strong></span> <span class='ocrx_word' id='word_1_325' title='bbox 861 3747 949 3818; x_wconf 72' lang='grc' dir='ltr'><strong><em>ἂν)</em></strong></span> <span class='ocrx_word' id='word_1_326' title='bbox 983 3768 1032 3805; x_wconf 86' lang='lat' dir='ltr'><strong><em>v.</em></strong></span> <span class='ocrx_word' id='word_1_327' title='bbox 1175 3755 1558 3818; x_wconf 73' lang='grc' dir='ltr'><strong><em>καταπεμφεὶτ</em></strong></span> <span class='ocrx_word' id='word_1_328' title='bbox 1590 3749 1657 3804; x_wconf 89' lang='grc' dir='ltr'><strong><em>Α.</em></strong></span> <span class='ocrx_word' id='word_1_329' title='bbox 1801 3746 1929 3819; x_wconf 76' lang='grc' dir='ltr'><strong><em>ἄχρι</em></strong></span> <span class='ocrx_word' id='word_1_330' title='bbox 1965 3747 2033 3802; x_wconf 73' lang='grc' dir='ltr'><strong><em>ἂν</em></strong></span> <span class='ocrx_word' id='word_1_331' title='bbox 2066 3750 2257 3813; x_wconf 63' lang='lat' dir='ltr'><strong><em>ABR„</em></strong></span> <span class='ocrx_word' id='word_1_332' title='bbox 2298 3747 2453 3817; x_wconf 74' lang='grc' dir='ltr'><strong><em>ἄχρις</em></strong></span> <span class='ocrx_word' id='word_1_333' title='bbox 2487 3746 2556 3802; x_wconf 74' lang='grc' dir='ltr'><strong><em>ἂν</em></strong></span> 
     </span>
     <span class='ocr_line' id='line_1_36' title="bbox 479 3832 2556 3910; baseline 0.001 -23"><span class='ocrx_word' id='word_1_334' title='bbox 479 3836 675 3891; x_wconf 80' lang='grc' dir='ltr'><em>ΨΟΡΒ</em></span> <span class='ocrx_word' id='word_1_335' title='bbox 707 3838 763 3890; x_wconf 71' lang='lat' dir='ltr'><strong><em>et</em></strong></span> <span class='ocrx_word' id='word_1_336' title='bbox 795 3856 843 3892; x_wconf 84' lang='lat' dir='ltr'><strong><em>v.</em></strong></span> <span class='ocrx_word' id='word_1_337' title='bbox 881 3889 886 3894; x_wconf 86' lang='grc'><strong><em>,</em></strong></span> <span class='ocrx_word' id='word_1_338' title='bbox 984 3855 1088 3904; x_wconf 83' lang='grc' dir='ltr'><strong><em>μοι</em></strong></span> <span class='ocrx_word' id='word_1_339' title='bbox 1122 3834 1412 3905; x_wconf 73' lang='grc' dir='ltr'><strong><em>περιτύχοι</em></strong></span> <span class='ocrx_word' id='word_1_340' title='bbox 1444 3836 1565 3902; x_wconf 83' lang='grc' dir='ltr'><strong><em>ΑΝ,</em></strong></span> <span class='ocrx_word' id='word_1_341' title='bbox 1605 3832 1870 3910; x_wconf 75' lang='grc' dir='ltr'><strong><em>περιτύχῃ</em></strong></span> <span class='ocrx_word' id='word_1_342' title='bbox 1908 3855 2011 3905; x_wconf 82' lang='grc' dir='ltr'><strong><em>μοι</em></strong></span> <span class='ocrx_word' id='word_1_343' title='bbox 2045 3837 2109 3891; x_wconf 85' lang='lat' dir='ltr'><strong><em>R.</em></strong></span> <span class='ocrx_word' id='word_1_344' title='bbox 2254 3834 2556 3906; x_wconf 79' lang='grc' dir='ltr'><strong><em>ἀπαγαγὼν</em></strong></span> 
     </span>
     <span class='ocr_line' id='line_1_37' title="bbox 468 3920 2557 3993; baseline -0.001 -16"><span class='ocrx_word' id='word_1_345' title='bbox 468 3920 598 3990; x_wconf 82' lang='grc' dir='ltr'><strong><em>παρ’</em></strong></span> <span class='ocrx_word' id='word_1_346' title='bbox 641 3920 811 3977; x_wconf 72' lang='grc' dir='ltr'><strong><em>αὐτὸν</em></strong></span> <span class='ocrx_word' id='word_1_347' title='bbox 846 3922 959 3989; x_wconf 75' lang='grc' dir='ltr'><strong><em>ἔχει</em></strong></span> <span class='ocrx_word' id='word_1_348' title='bbox 994 3941 1053 3976; x_wconf 87' lang='grc' dir='ltr'><strong><em>σε</em></strong></span> <span class='ocrx_word' id='word_1_349' title='bbox 1088 3922 1191 3976; x_wconf 82' lang='grc' dir='ltr'><strong><em>τὸν</em></strong></span> <span class='ocrx_word' id='word_1_350' title='bbox 1224 3923 1466 3985; x_wconf 65' lang='grc' dir='ltr'><strong><em>ΩςῡΝΒ,</em></strong></span> <span class='ocrx_word' id='word_1_351' title='bbox 1520 3921 1840 3992; x_wconf 79' lang='grc' dir='ltr'><strong><em>ἀπαγαγὼν,</em></strong></span> <span class='ocrx_word' id='word_1_352' title='bbox 1890 3921 2020 3992; x_wconf 80' lang='grc' dir='ltr'><strong><em>παρ’</em></strong></span> <span class='ocrx_word' id='word_1_353' title='bbox 2061 3921 2227 3992; x_wconf 76' lang='grc' dir='ltr'><strong><em>(πρὸς</em></strong></span> <span class='ocrx_word' id='word_1_354' title='bbox 2259 3922 2346 3993; x_wconf 86' lang='lat' dir='ltr'><strong><em>cd)</em></strong></span> <span class='ocrx_word' id='word_1_355' title='bbox 2386 3921 2557 3977; x_wconf 73' lang='grc' dir='ltr'><strong><em>αὐτὸν</em></strong></span> 
     </span>
     <span class='ocr_line' id='line_1_38' title="bbox 470 4006 2554 4079; baseline -0.001 -15"><span class='ocrx_word' id='word_1_356' title='bbox 470 4009 690 4079; x_wconf 71' lang='grc' dir='ltr'><strong><em>ἔρχεται</em></strong></span> <span class='ocrx_word' id='word_1_357' title='bbox 722 4008 823 4065; x_wconf 82' lang='grc' dir='ltr'><strong><em>τὸν</em></strong></span> <span class='ocrx_word' id='word_1_358' title='bbox 857 4009 1037 4075; x_wconf 83' lang='lat' dir='ltr'><strong>APcd,</strong></span> <span class='ocrx_word' id='word_1_359' title='bbox 1075 4007 1376 4078; x_wconf 80' lang='grc' dir='ltr'><strong><em>ἀπαγαγών</em></strong></span> <span class='ocrx_word' id='word_1_360' title='bbox 1408 4007 1521 4078; x_wconf 83' lang='grc' dir='ltr'><strong><em>πρὸ</em></strong></span> <span class='ocrx_word' id='word_1_361' title='bbox 1563 4007 1747 4062; x_wconf 75' lang='grc' dir='ltr'><strong><em>αὐτῶν</em></strong></span> <span class='ocrx_word' id='word_1_362' title='bbox 1782 4008 2135 4077; x_wconf 74' lang='grc' dir='ltr'><strong><em>ἔρχεται-τὸν</em></strong></span> <span class='ocrx_word' id='word_1_363' title='bbox 2170 4010 2235 4076; x_wconf 88' lang='lat' dir='ltr'><strong><em>Y,</em></strong></span> <span class='ocrx_word' id='word_1_364' title='bbox 2286 4007 2416 4078; x_wconf 75' lang='grc' dir='ltr'><strong><em>παρ’</em></strong></span> <span class='ocrx_word' id='word_1_365' title='bbox 2458 4006 2554 4062; x_wconf 79' lang='grc' dir='ltr'><strong><em>αὖ·</em></strong></span> 
     </span>
     <span class='ocr_line' id='line_1_39' title="bbox 467 4093 2559 4167; baseline -0.001 -17"><span class='ocrx_word' id='word_1_366' title='bbox 467 4096 569 4150; x_wconf 85' lang='grc' dir='ltr'><strong><em>τὸν</em></strong></span> <span class='ocrx_word' id='word_1_367' title='bbox 606 4095 905 4167; x_wconf 78' lang='grc' dir='ltr'><strong><em>ἀπαγαγὼν</em></strong></span> <span class='ocrx_word' id='word_1_368' title='bbox 942 4095 1053 4163; x_wconf 73' lang='grc' dir='ltr'><strong><em>ἔχει</em></strong></span> <span class='ocrx_word' id='word_1_369' title='bbox 1090 4116 1149 4150; x_wconf 84' lang='grc' dir='ltr'><strong><em>σε</em></strong></span> <span class='ocrx_word' id='word_1_370' title='bbox 1168 4095 1269 4150; x_wconf 87' lang='grc' dir='ltr'><strong><em>τὸν</em></strong></span> <span class='ocrx_word' id='word_1_371' title='bbox 1293 4097 1409 4158; x_wconf 75' lang='grc' dir='ltr'><strong><em>ΨΩ,</em></strong></span> <span class='ocrx_word' id='word_1_372' title='bbox 1452 4093 1753 4165; x_wconf 79' lang='grc' dir='ltr'><strong><em>ἀπαγαγὼν</em></strong></span> <span class='ocrx_word' id='word_1_373' title='bbox 1787 4096 1900 4162; x_wconf 75' lang='grc' dir='ltr'><strong><em>ἔχει</em></strong></span> <span class='ocrx_word' id='word_1_374' title='bbox 1935 4115 1994 4150; x_wconf 86' lang='grc' dir='ltr'><strong><em>σε</em></strong></span> <span class='ocrx_word' id='word_1_375' title='bbox 2028 4096 2130 4150; x_wconf 82' lang='grc' dir='ltr'><strong><em>τὸν</em></strong></span> <span class='ocrx_word' id='word_1_376' title='bbox 2153 4097 2330 4166; x_wconf 76' lang='lat' dir='ltr'><strong>vulgo,</strong></span> <span class='ocrx_word' id='word_1_377' title='bbox 2388 4094 2559 4149; x_wconf 71' lang='grc' dir='ltr'><strong><em>αὑτὸν</em></strong></span> 
     </span>
     <span class='ocr_line' id='line_1_40' title="bbox 469 4180 2557 4254; baseline 0 -17"><span class='ocrx_word' id='word_1_378' title='bbox 469 4200 563 4254; x_wconf 82' lang='lat' dir='ltr'><strong><em>pro</em></strong></span> <span class='ocrx_word' id='word_1_379' title='bbox 603 4180 772 4235; x_wconf 75' lang='grc' dir='ltr'><strong><em>αὐτὸν</em></strong></span> <span class='ocrx_word' id='word_1_380' title='bbox 807 4186 891 4238; x_wconf 79' lang='lat' dir='ltr'><strong><em>eet</em></strong></span> <span class='ocrx_word' id='word_1_381' title='bbox 925 4184 1122 4239; x_wconf 82' lang='lat' dir='ltr'><strong>Solani.</strong></span> <span class='ocrx_word' id='word_1_382' title='bbox 1198 4183 1417 4251; x_wconf 78' lang='grc' dir='ltr'><strong><em>ἔρχεται</em></strong></span> <span class='ocrx_word' id='word_1_383' title='bbox 1451 4199 1548 4252; x_wconf 85' lang='lat' dir='ltr'><strong><em>pro</em></strong></span> <span class='ocrx_word' id='word_1_384' title='bbox 1586 4180 1698 4248; x_wconf 69' lang='grc' dir='ltr'><strong><em>ἔχει</em></strong></span> <span class='ocrx_word' id='word_1_385' title='bbox 1734 4201 1793 4235; x_wconf 84' lang='grc' dir='ltr'><strong><em>σε</em></strong></span> <span class='ocrx_word' id='word_1_386' title='bbox 1839 4200 2017 4238; x_wconf 80' lang='lat' dir='ltr'><strong>merus</strong></span> <span class='ocrx_word' id='word_1_387' title='bbox 2055 4187 2140 4238; x_wconf 84' lang='lat' dir='ltr'><strong><em>est</em></strong></span> <span class='ocrx_word' id='word_1_388' title='bbox 2173 4184 2361 4239; x_wconf 78' lang='lat' dir='ltr'><strong>calami</strong></span> <span class='ocrx_word' id='word_1_389' title='bbox 2395 4199 2557 4249; x_wconf 84' lang='lat' dir='ltr'><strong>error,</strong></span> 
     </span>
     <span class='ocr_line' id='line_1_41' title="bbox 470 4266 2555 4339; baseline -0.001 -15"><span class='ocrx_word' id='word_1_390' title='bbox 470 4268 565 4325; x_wconf 77' lang='lat' dir='ltr'><strong><em>sed</em></strong></span> <span class='ocrx_word' id='word_1_391' title='bbox 599 4270 868 4339; x_wconf 74' lang='lat' dir='ltr'><strong>antiquus,</strong></span> <span class='ocrx_word' id='word_1_392' title='bbox 939 4270 1100 4325; x_wconf 80' lang='lat' dir='ltr'><strong>verba</strong></span> <span class='ocrx_word' id='word_1_393' title='bbox 1132 4266 1262 4337; x_wconf 79' lang='grc' dir='ltr'><strong><em>παρ’</em></strong></span> <span class='ocrx_word' id='word_1_394' title='bbox 1307 4266 1493 4331; x_wconf 76' lang='grc' dir='ltr'><strong><em>αὑτόν,</em></strong></span> <span class='ocrx_word' id='word_1_395' title='bbox 1536 4285 1699 4339; x_wconf 88' lang='lat' dir='ltr'><strong>quum</strong></span> <span class='ocrx_word' id='word_1_396' title='bbox 1714 4270 1851 4325; x_wconf 81' lang='lat' dir='ltr'><strong>male</strong></span> <span class='ocrx_word' id='word_1_397' title='bbox 1869 4270 2204 4337; x_wconf 78' lang='lat' dir='ltr'><strong>excidissent,</strong></span> <span class='ocrx_word' id='word_1_398' title='bbox 2238 4271 2383 4326; x_wconf 81' lang='lat' dir='ltr'><strong>vario</strong></span> <span class='ocrx_word' id='word_1_399' title='bbox 2399 4268 2555 4323; x_wconf 87' lang='lat' dir='ltr'>modo</span> 
     </span>
     <span class='ocr_line' id='line_1_42' title="bbox 469 4353 2559 4428; baseline -0.002 -15"><span class='ocrx_word' id='word_1_400' title='bbox 469 4356 718 4428; x_wconf 72' lang='lat' dir='ltr'><strong>suppleta</strong></span> <span class='ocrx_word' id='word_1_401' title='bbox 740 4367 746 4372; x_wconf 89' lang='lat'>&#39;</span> <span class='ocrx_word' id='word_1_402' title='bbox 767 4360 910 4412; x_wconf 77' lang='lat' dir='ltr'><strong>sunt.</strong></span> <span class='ocrx_word' id='word_1_403' title='bbox 980 4356 1118 4412; x_wconf 85' lang='lat' dir='ltr'><strong>illud</strong></span> <span class='ocrx_word' id='word_1_404' title='bbox 1164 4356 1307 4427; x_wconf 84' lang='lat' dir='ltr'>quod</span> <span class='ocrx_word' id='word_1_405' title='bbox 1351 4357 1411 4411; x_wconf 83' lang='lat' dir='ltr'><strong><em>in</em></strong></span> <span class='ocrx_word' id='word_1_406' title='bbox 1444 4356 1670 4413; x_wconf 68' lang='lat' dir='ltr'><strong>Venetis</strong></span> <span class='ocrx_word' id='word_1_407' title='bbox 1716 4360 1802 4413; x_wconf 75' lang='lat' dir='ltr'><strong><em>ost</em></strong></span> <span class='ocrx_word' id='word_1_408' title='bbox 1853 4354 1983 4428; x_wconf 82' lang='grc' dir='ltr'><strong><em>παρ’</em></strong></span> <span class='ocrx_word' id='word_1_409' title='bbox 2036 4354 2209 4413; x_wconf 74' lang='grc' dir='ltr'><strong><em>αὗτὸν</em></strong></span> <span class='ocrx_word' id='word_1_410' title='bbox 2257 4353 2559 4427; x_wconf 76' lang='grc' dir='ltr'><strong><em>ἀπαγαγὼν</em></strong></span> 
     </span>
    </p>

    <p class='ocr_par' dir='ltr' id='par_1_6' title="bbox 522 4445 2138 4503">
     <span class='ocr_line' id='line_1_43' title="bbox 522 4445 2138 4503; baseline 0.001 -16"><span class='ocrx_word' id='word_1_411' title='bbox 522 4446 711 4489; x_wconf 66' lang='lat' dir='ltr'><strong><em>Lucina.</em></strong></span> <span class='ocrx_word' id='word_1_412' title='bbox 737 4445 819 4494; x_wconf 88' lang='lat'><strong>111,</strong></span> <span class='ocrx_word' id='word_1_413' title='bbox 845 4447 888 4490; x_wconf 79' lang='grc'><strong><em>1.</em></strong></span> <span class='ocrx_word' id='word_1_414' title='bbox 2074 4447 2138 4503; x_wconf 85' lang='grc'><strong><em>11</em></strong></span> 
     </span>
    </p>
   </div>
  </div>
 </body>
</html>
