3099 5241
1161 434 1366 485 ΘΒΩΝ
1404 435 1785 486 ΔΙΑΛοιοι.
2406 405 2504 476 49

1354 605 1595 673 XVIII.

1051 725 1328 793 ΗΡΑΣ
1383 726 1582 792 KAI
1644 727 1888 794 ΔΙΟΣ.

606 850 667 913 1.
734 848 967 915 ΗΡΑ.
1012 844 1176 932 Ἐγώ
1221 849 1351 932 μὲν
1393 844 1782 935 ᾐσχυνόμην
1827 846 1934 925 ἀν,
1985 842 2034 913 ὦ
2077 847 2241 925 Ζεῦ,
2296 850 2359 913 εἴ
2392 873 2513 933 μοι

419 955 728 1024 τοιοῦτος
772 947 914 1024 υἱὸς
954 945 1045 1035 ἦν
1087 951 1299 1036 θῆλυς
1345 950 1514 1016 οὕτω
1559 951 1666 1015 καὶ
1705 950 2191 1037 διεφθαρμένος
2226 949 2360 1017 ὑπὸ
2394 958 2514 1035 τῆς

419 1056 673 1141 μέθης,
731 1053 934 1140 μίτρᾳ
989 1057 1116 1140 μὲν
1175 1052 1658 1140 ἀναδεδεμένος
1699 1053 1827 1140 τήν
1869 1053 2111 1140 κόμην,
2175 1053 2257 1121 τὰ
2303 1055 2511 1121 πολλοὶ

428 1157 500 1223 δὲ
567 1158 1007 1243 μαινομέναις
1061 1170 1204 1233 ταῖς
1259 1159 1508 1247 γυναιξὶ
1571 1154 1805 1237 συνὼν,
1880 1155 2238 1245 ἁβρότερος
2297 1158 2513 1225 αὐτῶν

430 1261 711 1341 ἐκείνων,
759 1259 896 1328 ὑπὸ
928 1259 1305 1348 τυμπάνοις
1336 1261 1443 1327 καὶ
1483 1260 1652 1349 αὐλῷ
1687 1263 1794 1327 καὶ
1817 1261 2173 1348 κυμβάλοις
2200 1262 2507 1352 χορεύων,

428 1365 541 1430 καὶ
584 1365 744 1439 ὅλως
786 1364 991 1432 παντὶ
1034 1366 1285 1448 μᾶλλον
1331 1363 1548 1438 ἐοικώς
1590 1364 1636 1448 ἢ
1685 1366 1786 1432 σοὶ
1822 1372 1910 1453 τῷ
1949 1367 2170 1453 πατρί.
2235 1367 2506 1433 ΖΕΥΣ.

430 1468 540 1534 καὶ
582 1466 728 1553 μκῆν
765 1462 957 1542 οὗτός
987 1495 1062 1557 γε
1097 1466 1132 1534 ὁ
1172 1470 1607 1555 θηλυμίτρης,
1660 1467 1696 1534 ὃ
1734 1466 2088 1557 ἁβρότερος
2118 1478 2250 1537 τῶν
2284 1495 2514 1560 γυναι-

429 1579 563 1638 κῶν
624 1571 698 1637 οὖ
758 1570 1002 1658 μόνον,
1068 1576 1109 1613 ³*
1166 1567 1214 1637 ὦ
1246 1573 1446 1657 ’Ήρα,
1507 1572 1629 1657 τὴν
1676 1573 1941 1641 Λυδίαν
1985 1574 2362 1663 ἐχειρώσατο
2406 1576 2513 1640 καὶ
2547 1583 2652 1636 248

429 1675 588 1750 τούς
633 1684 1097 1750 κατοικοῦντας
1139 1674 1255 1742 τὸν
1313 1677 1597 1762 Ίζιιόῖλον
1640 1675 1832 1763 ἔλαβε
1875 1678 1983 1743 καὶ
2028 1678 2292 1765 Θρᾷκας
2335 1678 2514 1764 ὑπη-

429 1779 694 1868 γάγετο,
744 1778 900 1859 ἀλλά
949 1780 1056 1845 καὶ
1100 1784 1207 1845 ἐπ’
1245 1777 1496 1854 Ἰνδοὺς
1542 1778 1778 1855 ἐλάσας
1813 1788 1900 1869 τῷ
1936 1783 2272 1870 γυναικείῳ
2304 1781 2514 1871 τούτῳ

433 1892 852 1972 στρατιωτικῷ
894 1883 1051 1958 τοὺς
1094 1910 1166 1950 τε
1209 1885 1559 1970 ἐλέφαντας
1604 1880 1727 1949 εἷλε
1769 1886 1876 1950 καὶ
1917 1893 2034 1969 τῆς
2076 1884 2283 1976 χώρας
2328 1884 2516 1973 ἐκρά-

429 2012 593 2073 τησε
649 1988 757 2053 καὶ
814 1986 930 2055 τόν
986 1988 1255 2075 βασιλέα
1316 1986 1482 2073 πρὸς
1542 1987 1756 2076 ὀλίγον
1819 1987 2205 2074 ἀντιστῆναι
2262 1989 2516 2076 τολμή-

435 2117 646 2159 σαντα
705 2090 1110 2181 αἷχμάλωτον
1172 2090 1498 2181 ἀπήγαγε·
1570 2092 1676 2157 καὶ
1720 2099 1927 2166 ταῦτα
1972 2091 2194 2161 πάντα
2239 2094 2516 2182 ἔπραξεν

433 2301 735 2356 comparare
782 2286 912 2339 licet
946 2287 1181 2339 saturam
1214 2284 1578 2349 Horatianam‚
1628 2284 1791 2340 Serm.
1829 2285 1904 2350 H,
1942 2288 1990 2350 5,
2027 2286 2085 2340 in
2122 2303 2228 2357 qua
2260 2288 2515 2342 Horatius

433 2374 655 2427 Homeri
688 2373 864 2427 locum
899 2371 1089 2441 Odyss.
1128 2369 1191 2433 λ’,
1235 2374 1333 2427 137
1379 2370 1555 2440 lepide
1600 2372 1716 2441 ipse
1763 2373 2055 2428 continuat.
2127 2375 2339 2427 omnino
2387 2375 2517 2429 haec

435 2460 649 2530 quidem
683 2460 876 2514 Horati
909 2462 1092 2513 satura
1124 2475 1232 2513 non
1265 2459 1328 2511 ut
1360 2458 1495 2511 aliae
1529 2458 1809 2527 pleraeque
1840 2459 2121 2525 Lucilium,
2157 2461 2252 2515 sed
2284 2464 2401 2516 tota
2433 2479 2516 2516 re-

434 2545 582 2600 dolet
613 2547 938 2615 Menippum.
1007 2546 1340 2614 Menippeam
1386 2546 1528 2598 enim
1572 2548 1807 2599 saturam
1844 2544 2111 2615 Odysseae
2155 2548 2387 2618 parodiis
2434 2548 2518 2603 vel

434 2634 658 2688 maxime
694 2633 1009 2688 delectatam
1042 2650 1159 2687 esse
1194 2634 1419 2688 constat.
1494 2649 1652 2701 quam
1685 2649 1795 2687 rem
1829 2634 1945 2704 ipse
1978 2651 2076 2688 nos
2111 2636 2309 2705 ubique
2327 2637 2517 2690 Lucia-

434 2738 537 2774 nus
574 2721 730 2775 docet
763 2719 880 2790 (qui
912 2720 1053 2773 idem
1087 2719 1248 2774 Iliadi
1279 2719 1449 2772 multo
1485 2718 1686 2772 inludit
1717 2719 1926 2788 rarius),
1961 2721 2116 2775 docet
2145 2723 2218 2776 M.
2239 2723 2518 2777 Terentius

436 2810 604 2862 Varro
640 2809 698 2861 in
733 2811 916 2861 satura
949 2806 1262 2868 ‚Bimarcus‘
1297 2822 1379 2874 ap.
1415 2805 1648 2859 Nonium
1682 2807 1804 2871 383,
1838 2809 1907 2862 26
1942 2811 1998 2861 et
2030 2810 2151 2874 480,
2186 2811 2255 2864 23
2291 2809 2377 2862 his
2401 2827 2517 2864 ver-

435 2895 550 2948 bis:
586 2894 782 2959 ,ebrius
818 2911 893 2957 es,
927 2894 1129 2947 Marce:
1167 2891 1435 2960 Odyssian
1469 2892 1611 2945 enim
1644 2893 1863 2947 Homeri
1897 2895 2151 2947 ruminari
2186 2895 2381 2964 incipis
2417 2897 2518 2959 -‘‚

440 2980 631 3034 docent
665 2981 827 3034 etiam
860 2979 903 3033 ii
938 2980 1031 3048 qui
1063 2978 1204 3032 idem
1251 2994 1512 3047 nusquam
1562 2978 1781 3043 faciunt,
1833 2980 2010 3034 Lucili
2043 2980 2334 3034 imitatores
2370 2981 2517 3045 meri,

439 3067 503 3120 A.
541 3067 759 3121 Persius
795 3066 1039 3131 Flaccus,
1074 3067 1138 3119 D.
1177 3065 1371 3119 Junius
1406 3064 1680 3119 Juvenalis
1716 3068 1773 3119 et
1806 3065 2059 3134 Sulpicia.

577 3331 652 3379 H.
693 3330 761 3378 K.
802 3325 892 3393 A.]
917 3322 1081 3395 ‘'Hpa‚
1118 3330 1212 3376 καὶ
1248 3321 1386 3380 Ζεύς
1420 3341 1466 3389 a,
1489 3322 1641 3390 ‘'Hpoe
1676 3322 1815 3380 Ζεὺς
1847 3323 1962 3379 BA.

581 3416 628 3468 1.
701 3409 819 3471 υἱὸς
851 3403 924 3479 ἦν
956 3408 1267 3472 ΒΑΟΔΉΩ,
1307 3407 1426 3466 υἱὸς
1467 3415 1520 3462 Ψ
1549 3411 1656 3479 (om
1691 3402 1804 3480 ἦν),
1845 3411 1941 3465 sed
1973 3400 2044 3479 ἦν
2081 3407 2197 3468 υἱὸς
2229 3430 2277 3467 v.
2420 3433 2517 3464 τα-

441 3497 616 3553 πολλὰ
652 3500 702 3555 A
738 3503 801 3554 ut
833 3499 984 3553 solet.
1139 3500 1502 3565 μαινομέναις
1537 3500 1658 3554 ταῖς
1684 3495 1900 3568 γυναιξὶ
1931 3496 2101 3560 ΒΑΨ,
2159 3502 2523 3566 μαινομέναις

441 3584 653 3656 γυναιξὶ
688 3584 789 3643 ἓῐΩ
824 3588 881 3641 et
911 3605 959 3640 v.
1115 3582 1301 3641 αὐλοῖς
1335 3581 1434 3641 ἓῐΩ
1469 3588 1524 3639 et
1559 3603 1606 3649 v,
1661 3584 1757 3638 sed
1792 3582 1939 3652 αὐλῷ
1974 3584 2186 3642 ΒΑΔΨ.
2258 3585 2324 3639 cf.
2362 3603 2522 3657 supra

443 3673 507 3728 D.
545 3676 612 3728 D.
648 3673 724 3739 Π,
759 3675 810 3728 2.
950 3670 1135 3738 παντὶ]
1156 3672 1306 3723 Πανὶ
1326 3668 1426 3728 &A
1459 3675 1515 3725 et
1549 3671 1735 3736 schol„
1769 3670 2228 3740 vro'vassvitiose
2263 3673 2521 3741 scriptum

442 3777 537 3829 pro
571 3761 763 3822 Hoevl‘,
814 3762 879 3813 ut
909 3759 1045 3813 bene
1078 3756 1421 3826 Hemsterh.).
1496 3774 1620 3811 cum
1651 3758 1868 3827 vulgata
1913 3758 2115 3812 contuli
2149 3758 2363 3815 Hercul.
2403 3758 2435 3825 ἓ
2476 3762 2520 3828 1,

442 3847 631 3916 Navig.
681 3847 713 3914 ἓ
750 3848 835 3913 39,
891 3847 1092 3900 Timon.
1131 3845 1163 3911 ἓ
1198 3846 1267 3900 28
1315 3847 1371 3899 et
1415 3844 1722 3899 Ciceronem
1767 3846 1847 3899 De
1889 3846 2019 3914 Leg.
2067 3845 2143 3910 H,
2178 3847 2240 3900 5:
2296 3844 2520 3914 ,quidvis

443 3935 622 4003 potius
653 3934 845 3987 tulisse
881 3950 1039 4002 quam
1070 3933 1247 4001 leges‘.
1403 3921 1563 3988 οὗτός
1596 3930 1682 4001 γε]
1716 3951 1776 4000 γε
1812 3948 1898 3985 om
1938 3934 2048 3983 ΨΩ.
2191 3929 2524 4002 θηλυμίτρις

445 4020 503 4075 O.
645 4026 739 4072 καὶ
777 4017 1378 4088 ΘρᾷκαςΒΑΟΔῖΙΨΩ,
1418 4025 1513 4071 καὶ
1546 4017 1676 4075 τοὺς
1694 4016 1914 4088 Θρᾷκας
1936 4036 1981 4072 v.
2125 4019 2520 4087 στρατιωτικῷ]

447 4105 660 4175 στρατῷ
696 4105 799 4164 21X
847 4110 903 4161 et
952 4106 1010 4160 in
1054 4125 1136 4176 γρ.
1191 4106 1355 4160 schol.
1390 4107 1566 4171 Voss„
1617 4106 1712 4159 ubi
1745 4105 1959 4160 lemma:
1997 4105 2358 4176 στρατηγικῷ.
2404 4093 2414 4101 ’

443 4191 570 4251 τούς
601 4192 688 4262 τε]
721 4212 784 4246 τε
823 4210 906 4247 om
941 4191 1008 4250 21.
1152 4189 1432 4263 ἀπήγαγεν
1466 4193 1530 4258 Α,
1572 4189 1882 4263 ὑπηγάγετο
1922 4190 1986 4249 21.
2057 4194 2117 4246 at
2149 4192 2214 4246 de
2250 4193 2430 4247 eadem
2464 4210 2521 4246 re

446 4281 523 4335 sic
571 4284 654 4334 est
698 4281 757 4334 in
801 4280 1014 4334 Baccho
1061 4279 1163 4347 §4
1196 4278 1297 4333 fin:
1354 4259 1695 4347 αἶ’χμάλωτοι
1744 4276 2045 4349 ἀπήγοντο.
2206 4285 2302 4330 καὶ
2344 4279 2521 4330 ταῦτα

446 4364 665 4420 ἅπαντα
698 4369 750 4418 Ω
784 4368 842 4420 et
874 4385 923 4432 v,
969 4371 1063 4419 καὶ
1109 4364 1286 4419 ταῦτα
1321 4365 1429 4434 (om
1465 4363 1707 4434 ἅπαντα)
1751 4370 1815 4428 Ψ,
1867 4372 1962 4418 καὶ
2007 4363 2192 4419 πάντα
2236 4363 2409 4417 ταῦτα
2456 4362 2520 4430 21,

497 4456 678 4499 numan.
706 4456 787 4504 m,
816 4457 857 4498 ι.
2070 4453 2107 4505 4
