3099 5241
539 378 668 435 LVI
1353 379 1450 435 DE
1503 378 1808 435 LUCIANI

539 555 828 641 Menippi
873 556 1127 621 Νέκυια
1172 554 1458 621 Luciano
1504 556 1808 641 Dialogos
1864 557 2266 622 Mortuorum
2323 557 2625 622 scribenti

543 661 835 745 exemplo
867 661 1087 727 fuerit:
1130 662 1201 725 in
1235 681 1507 746 quorum
1540 662 1719 726 nullo
1752 682 1963 747 neque
1991 664 2062 725 in
2094 664 2186 728 eis
2220 662 2480 747 quidem
2512 663 2625 745 qui

540 765 828 850 Menippi
853 768 1066 848 cynici
1092 785 1424 850 personam
1449 767 1708 846 habent,
1734 768 2282 852 psychomantiam
2306 767 2618 830 invenias

715 871 988 954 Aliquot
1045 871 1320 935 saeculis
1374 876 1517 955 post·
1563 870 1938 956 Menippum
1984 870 2314 935 Lucienus
2373 888 2448 934 eo
2494 869 2625 932 dia-

540 975 685 1059 logo
732 977 840 1039 cui
890 974 1240 1047 Μένι-ηπος
1285 971 1328 1057 ἢ
1374 974 1884 1056 Νεκιωιανιειά
1932 995 2167 1040 nomen
2214 981 2311 1040 est
2354 974 2624 1059 psycho-

542 1081 828 1143 mantian
885 1080 1273 1144 facetissime
1331 1070 1723 1165 perstrinxit.
1811 1080 2011 1145 Hunc
2065 1079 2304 1144 librum
2362 1071 2440 1142 ab
2497 1077 2624 1142 Lu·-

544 1183 729 1247 ciano
777 1185 1087 1267 scriptum
1143 1203 1282 1249 esse
1326 1185 1428 1249 vel
1476 1186 1616 1270 ipsa
1676 1185 1868 1249 dictio
1924 1186 2276 1250 certissime
2330 1184 2625 1266 ostendit,

547 1307 677 1372 qua
739 1286 1067 1352 Lucianus
1134 1295 1197 1353 et
1272 1291 1330 1354 is
1397 1290 1575 1354 solus
1641 1309 1855 1374 neque
1921 1294 2168 1374 praeter
2234 1309 2384 1354 eum
2452 1289 2626 1353 ullus

547 1392 714 1456 alius
759 1394 1027 1478 scriptor
1070 1413 1232 1458 usus
1276 1399 1401 1461 est:
1466 1415 1659 1479 quam
1705 1415 1839 1460 rem
1886 1396 1980 1459 eis
2025 1400 2192 1459 certe
2252 1397 2626 1479 quicunque

546 1497 928 1562 elocutionis
972 1497 1332 1565 Lucianeae
1376 1521 1571 1565 usum
1618 1500 1864 1583 callent,
1920 1501 1990 1563 in
2038 1499 2257 1564 oculos
2300 1501 2626 1564 incurrere

548 1603 846 1667 debuisse
891 1604 1198 1669 crederes.
1288 1605 1451 1670 Tum
1499 1606 1672 1690 quod
1719 1606 1800 1670 ad
1842 1606 2058 1689 ipsum
2100 1604 2248 1668 libri
2292 1624 2626 1689 argumen-

545 1713 686 1773 tum
752 1709 1048 1793 pertinet,
1116 1728 1339 1775 omnes
1407 1712 1778 1792 sententiae,
1837 1711 1982 1794 joca
2049 1711 2263 1774 omnia
2329 1716 2393 1773 et
2460 1709 2628 1773 dicta

545 1812 818 1878 Luciani
883 1814 1218 1896 ingenium
1281 1814 1656 1899 planissime
1730 1815 2037 1880 referunt.
2153 1813 2397 1891 Quodsi
2464 1814 2627 1877 alius

544 1916 805 1982 libellus
874 1918 986 2002 qui
1051 1918 1248 2001 vulgo
1313 1920 1481 1983 inter
1544 1919 1901 1984 Lucianeos
1980 1918 2182 1983 fertur
2247 1915 2447 1998 ,Περὶ
2513 1923 2629 1997 τῆς

549 2019 998 2114 ἀστρολογίης·
1046 2022 1150 2086 vel
1193 2023 1338 2088 ideo
1383 2022 1655 2087 Luciani
1713 2042 1852 2088 esse
1895 2025 2141 2107 nequit,
2199 2022 2374 2106 quod
2427 2023 2497 2085 in
2554 2040 2653 2092 eo

550 2126 886 2211 astrologia
943 2131 1202 2193 strenue
1263 2128 1524 2193 defensa
1581 2133 1705 2193 est:
1776 2129 2069 2213 sequitur
2120 2127 2182 2192 N
2184 2127 2630 2209 ecyomantian

550 2233 741 2296 etiam
787 2236 1115 2315 propterea
1159 2231 1445 2298 Luciano
1505 2234 1766 2316 dignam
1825 2252 1984 2316 esse,
2040 2234 2319 2317 primum
2382 2231 2551 2316 quod
2597 2250 2631 2295 e

549 2355 782 2419 genere
837 2342 933 2400 est
991 2340 1265 2419 satyrico
1327 2344 1390 2404 et
1448 2337 1808 2402 secundum
1854 2337 2307 2401 Casaubonum
2367 2357 2449 2401 ex
2493 2338 2632 2421 ipso

553 2441 744 2504 ducta
789 2440 1112 2527 Menipp0,
1174 2448 1314 2507 tum
1363 2444 1538 2527 quod
1583 2462 1917 2528 magorum
1973 2447 2137 2507 artes
2191 2442 2633 2523 traducuntur,

554 2565 714 2630 quas
780 2547 953 2631 ipsas
1023 2568 1223 2632 quum
1292 2549 1445 2612 alibi
1504 2568 1693 2634 saepe
1754 2552 1893 2612 tum
1950 2549 2231 2612 maxime
2288 2548 2358 2610 in
2418 2546 2635 2610 Philo-

550 2652 792 2735 pseude
849 2649 1178 2719 Lucia-nus
1231 2655 1465 2736 inrisit,
1530 2655 1810 2738 denique
1868 2653 2043 2738 quod
2107 2653 2309 2718 forma
2377 2672 2635 2736 quoque

551 2755 747 2839 hujus
807 2761 1058 2823 saturae
1117 2758 1390 2824 Luciani
1443 2761 1705 2843 ingenio
1761 2760 1955 2823 unice
2008 2759 2367 2843 respondet.
2467 2756 2634 2821 Nam

552 2866 997 2945 praeterquam
1071 2864 1243 2948 quod
1320 2866 1623 2949 prima-ria
1687 2867 1756 2928 in
1825 2866 1946 2928 hoc
2014 2864 2264 2948 dialogo
2333 2864 2502 2927 sicut
2565 2863 2634 2924 in

554 2966 699 3029 aliis
776 2964 1122 3033 Lucianeis
1200 2990 1473 3054 persona
1551 2975 1647 3034 est
1712 2968 2032 3054 Menippi,
2112 2970 2224 3052 qui
2305 2973 2379 3032 ut
2444 2969 2636 3030 vivus

557 3072 915 3155 vidensque
994 3073 1239 3138 solebat
1315 3075 1421 3138 hic
1498 3075 1910 3158 philosophos
1992 3092 2252 3156 quoque
2332 3073 2633 3155 castigat:

555 3175 901 3261 Menippus
946 3183 1021 3241 ut
1063 3179 1132 3240 in
1180 3180 1319 3242 suis
1354 3180 1561 3261 ipsius
1607 3180 1839 3243 saturis
1884 3179 1989 3241 hic
2033 3179 2312 3262 primum
2343 3176 2637 3240 versibus

557 3283 762 3345 utitur
820 3301 903 3345 ex
957 3280 1267 3366 Euripide
1323 3289 1385 3347 et
1441 3283 1721 3348 Homero
1792 3283 2069 3347 detortis
2181 3282 2411 3366 Neque
2475 3280 2639 3344 illud

556 3386 983 3451 omittendum
1051 3392 1177 3469 est,
1243 3378 1753 3469 Necyomantiai'i
1823 3387 1902 3451 ab
1968 3388 2069 3451 his
2134 3388 2295 3470 ipsis
2362 3385 2638 3469 parodiis

557 3491 859 3573 exordiri,
904 3492 1002 3555 uti
1045 3510 1308 3574 prorsus
1352 3493 1512 3557 aliae
1557 3492 1828 3557 Luciani
1884 3497 2156 3575 saturae,
2207 3490 2527 3572 ,Piscator⁴
2578 3494 2641 3553 et

561 3595 833 3680 ,Jupiter
861 3595 1241 3681 Tragoedus‘
1288 3598 1730 3662 exordiuntur.
1820 3597 1862 3661 J
1866 3617 1970 3661 am
2017 3615 2145 3679 quo
2190 3615 2359 3659 anno
2389 3594 2640 3677 Necyo-

557 3702 844 3765 mantian
900 3700 1230 3766 Lucianus
1297 3703 1600 3785 ediderit,
1666 3722 1750 3767 ex
1810 3722 1862 3765 c.
1914 3701 1997 3768 10
2055 3702 2468 3785 perspicuum
2528 3706 2639 3783 est,

557 3804 673 3869 ubi
719 3806 797 3871 de
840 3826 1065 3871 recens
1111 3811 1508 3871 mortuorum
1569 3807 1815 3871 umbris
1874 3806 2032 3870 haec
2090 3810 2379 3869 exstant:
2439 3828 2640 3886 «τραυ-

556 3910 789 3995 ματίαι
846 3909 912 3972 ‹53²—
974 3906 1220 3980 «πάντες
1282 3912 1601 3975 ὲςιεπλεον
1651 3948 1728 3957 --
1779 3915 1847 3972 ἔκ
1901 3933 2077 3980 ’τινος
2122 3910 2422 3989 πολέμου
2466 3933 2640 3991 παρ-

560 4012 766 4087 ὄντες.
859 4015 1116 4082 Bellum
1175 4017 1348 4081 enim
1393 4017 1547 4080 dicit
1590 4015 1979 4098 Parthicum,
2039 4015 2208 4099 quod
2271 4035 2474 4100 quum
2528 4033 2642 4100 per

563 4121 1054 4206 quadriennium
1105 4142 1160 4185 a.
1208 4121 1551 4188 162-165
1595 4124 1846 4205 gestum
1896 4123 2008 4185 sit:
2058 4121 2349 4205 sequitur
2390 4119 2641 4202 Necyo-

559 4227 848 4290 mantian
893 4245 1063 4289 anno
1111 4226 1236 4291 163
1282 4226 1388 4290 vel
1434 4227 1561 4290 164
1604 4225 1677 4289 P.
1728 4224 1793 4289 G.
1841 4225 1922 4291 N.
1970 4226 2270 4310 scriptam
2315 4243 2472 4289 esse.
2557 4224 2643 4288 Et

560 4332 683 4395 hoc
740 4330 1002 4414 quidem
1057 4329 1334 4395 Solanus
1388 4330 1651 4395 infitiari
1706 4351 1907 4396 ausus
1962 4350 2095 4395 non
2158 4336 2274 4412 est,
2333 4330 2475 4415 qui:
2545 4330 2641 4412 ,si,
