3099 5241
1083 468 1457 521 NEKPIKOI
1527 467 1914 539 ArAaoroJ.
2388 436 2433 508 2
2446 437 2536 509 17

463 636 612 705 τίνα
687 636 751 704 δ’
829 641 897 704 αἱ
951 639 1311 707 τελευταῖαι
1362 636 1483 706 τὸν
1541 637 1957 727 κληρονόμον
2016 638 2247 730 ἕοχονς
2303 634 2347 724 ἦ
2402 636 2542 706 πού

462 766 612 810 τινα
665 747 798 810 τῶν
852 740 988 810 ἀπὸ
1042 749 1159 811 τοῦ
1215 743 1488 833 γένουςς
1571 743 1810 811 ΠΟΛ.
1890 742 1971 811 οὗ
2027 742 2127 831 μά
2188 744 2316 823 Δί’,
2383 741 2539 809 ἀλλά

463 842 799 932 νεώνητόν
839 870 990 915 τινα
1031 853 1164 914 τῶν
1190 846 1544 934 μειρακίων
1567 854 1700 916 τῶν
1725 846 1980 935 ὡραίων
2009 843 2255 936 Φρύγα.
2333 849 2536 916 ΣΙΜ.

466 950 638 1038 ἀμφὶ
696 948 879 1018 πόσα
939 955 1077 1037 εἷ’-τη,
1144 946 1193 1019 ὦ
1237 948 1667 1038 Πολύστρατε
1680 980 1708 1035 ,·
1774 951 2015 1020 ΠΟΛ.
2089 951 2317 1043 σχεδὸν
2370 950 2544 1038 ἀμφὶ

462 1052 542 1122 τά
592 1056 814 1123 εἴκοσι.
907 1057 1111 1123 ΣΙΜ.
1171 1053 1302 1143 ἤδη
1347 1054 1681 1143 μανθάνω
1729 1054 1917 1123 ἅτινά
1966 1081 2070 1123 σοι
2115 1059 2355 1130 ἐκεῖνος
2400 1060 2546 1145 ἐχα-

465 1157 692 1245 ρίζετο.
788 1159 1029 1228 ΠΟΛ.
1101 1158 1275 1247 πλὴν
1335 1160 1490 1227 ἀλλά
1551 1158 1718 1228 πολῦ
1778 1159 2038 1228 ἐκείνων
2083 1157 2418 1245 ἀξιώτερος
2458 1154 2547 1243 ἦν

465 1264 919 1350 κληρονομεῖν,
985 1268 1047 1331 εἷ
1098 1265 1204 1331 καὶ
1259 1262 1598 1352 βάρβαρος
1640 1260 1725 1350 ἦν
1768 1265 1875 1331 καὶ
1920 1263 2217 1351 ὄλεθρος,
2292 1264 2367 1340 ὃν
2411 1262 2543 1349 ἤδη

466 1367 571 1433 καὶ
662 1366 866 1435 αὐτὸν
945 1373 1009 1435 οἱ
1075 1368 1327 1456 ἄριστοι
1391 1367 1903 1455 θεραπεύουσιν.
2021 1373 2258 1443 ἐκεῖνος
2320 1368 2547 1434 τοίνυν

465 1468 953 1559 ἐκληρονόμησέ
1013 1497 1174 1560 μου,
1245 1474 1352 1540 καὶ
1418 1479 1542 1540 νῦν
1588 1478 1658 1541 ἐν
1700 1486 1838 1549 τοῖς
1884 1471 2302 1558 εὐπατρίδαις
2346 1470 2548 1558 ἀριθ-

466 1586 708 1661 μεῖται,
772 1574 1261 1706 ὑπεξυρημένος
1317 1581 1443 1663 μὲν
1498 1574 1576 1644 τὸ
1631 1578 1884 1667 γένειον
1942 1577 2052 1643 καὶ
2106 1574 2541 1663 βαρβαρίζων,

469 1675 747 1765 Κοδρου
823 1679 894 1747 δὲ
975 1680 1421 1770 εὐγενέστερος
1486 1685 1528 1725 ⁴*
1596 1683 1703 1747 καὶ
1767 1682 2030 1768 Νιρέως
2108 1680 2375 1747 καλλίων
2439 1680 2548 1746 καὶ
2582 1689 2687 1743 363

459 1780 832 1860 Ὀδυσσέως
878 1784 1308 1873 συνετώτερος
1351 1784 1706 1875 λεγόμενος
1750 1784 1938 1854 εἶναι.
2031 1786 2234 1852 ΣΙΜ.
2303 1784 2385 1851 οὔ
2427 1809 2550 1871 μοι

466 1991 795 2049 Abreschius
830 1995 1000 2064 (Lect.
1037 1995 1302 2052 Aristaen.
1323 2015 1376 2059 p.
1396 1996 1522 2065 218)
1560 1997 1666 2051 etsi
1700 1997 1859 2052 verba
1884 1996 2021 2050 bene
2056 1995 2335 2062 ordinavit,
2371 1998 2550 2050 tamen

467 2080 800 2151 hyperbaton
844 2085 1091 2139 causatus
1126 2084 1398 2153 vulgatam
1432 2082 1685 2138 defendit.
1830 2078 2097 2152 οἰμώζειν
2134 2080 2327 2151 ἅπασι]
2377 2081 2550 2156 πᾶσιν

470 2161 737 2236 οἰμώζειν
772 2166 837 2226 21.

605 2257 656 2311 4.
732 2251 787 2308 δ’
829 2252 913 2327 αἱ]
953 2252 1013 2310 δὲ
1051 2253 1117 2310 αι’
1142 2255 1465 2315 ΒΟΞΪΨΦΩ.
1614 2257 1823 2327 ἔσχονς]
1863 2255 2040 2327 elxam
2089 2256 2156 2316 21.
2310 2255 2403 2312 Δί’
2448 2260 2549 2309 ΟΦ

470 2344 526 2395 et
558 2360 608 2407 v,
641 2344 750 2396 Δία
784 2341 1005 2401 mum.
1100 2385 1105 2388 -
1166 2343 1280 2398 τῶν
1326 2348 1637 2417 μειρακίων
1684 2362 1768 2401 0111
1803 2344 1867 2403 21.
2022 2344 2235 2416 Φρύγα]
2284 2342 2478 2414 Φρύγα
2510 2336 2555 2412 ἢ

467 2424 667 2483 Λυδὸν
702 2427 762 2488 ὃς
793 2429 977 2484 πάντα
1002 2451 1106 2500 μοι
1123 2429 1406 2503 ἐχαρίζετο
1444 2440 1538 2487 καὶ
1576 2432 1744 2502 συνῆν
1759 2431 1889 2504 παρ’
1932 2429 2066 2502 ὅλην
2098 2432 2202 2501 τὴν
2233 2430 2404 2486 νύκτα
2419 2451 2549 2486 ποι-

470 2513 630 2574 κίλως
661 2515 1034 2587 τερπνότατος
1069 2516 1146 2573 ὢν
1182 2518 1248 2578 21.
1320 2521 1341 2574 i
1374 2537 1516 2575 nunc
1552 2523 1610 2575 et
1640 2538 1779 2590 nega
1805 2519 2058 2575 'codicem
2095 2517 2146 2577 21
2194 2537 2349 2590 saepe
2382 2520 2549 2574 inter-

468 2604 706 2675 polatum
741 2623 874 2662 esse.
1035 2605 1127 2675 ἔτη
1171 2597 1233 2675 ὦ]
1275 2598 1320 2659 ὦ
1357 2607 1464 2677 (om
1500 2605 1620 2677 ἔτη)
1664 2612 1729 2671 Ψ,
1783 2607 1875 2677 ἔτη
1930 2605 2007 2662 ὢν
2044 2598 2090 2660 ὦ
2125 2608 2291 2663 habet
2325 2605 2390 2665 21.

471 2687 666 2758 σχεδὸν
682 2711 768 2748 0111
783 2696 905 2750 ΩΜ.
1050 2693 1197 2763 ἀμφὶ
1231 2694 1302 2748 τὰ
1322 2712 1406 2750 0111
1424 2693 1490 2753 21.
1638 2696 1832 2764 εἴκοσι]
1854 2696 2064 2750 εἴκοσιν
2090 2697 2205 2748 ΨΩ.
2352 2694 2545 2748 εἴκοσι.

467 2782 625 2833 ,ΣΙΜ
676 2777 809 2849 ἤδη]
859 2782 1035 2835 εἴκοσι
1069 2781 1302 2851 (εἴκοσιν
1333 2780 1404 2850 Ω)
1452 2777 1584 2850 ἤδη.
1659 2785 1820 2835 ΣΙΜ.
1858 2784 1982 2838 ΩΜ.
2127 2780 2368 2849 ἐκείνων]
2408 2780 2549 2835 ἐκεῖ·

469 2886 563 2924 νος
604 2871 668 2920 Ψ.
816 2865 1118 2939 ἀξιώτερος
1151 2864 1522 2938 κληρονομεῖν
1555 2871 1818 2924 ΒΟΨΦΩ
1852 2873 1909 2926 et
1929 2889 1977 2936 v,
2014 2869 2109 2925 scd
2145 2867 2448 2939 ἀξιώτερος
2481 2859 2553 2935 ἦν

470 2950 842 3024 κληρονομεῖν
887 2953 953 3021 21,
1001 2955 1143 3026 quod
1187 2956 1270 3011 vel
1316 2956 1622 3025 conjectura
1664 2957 1977 3011 restitutum
2023 2957 2314 3027 oportebat.
2396 2955 2551 3010 facile

470 3044 648 3096 autem
681 3032 753 3111 ἦν
787 3042 1105 3098 intercidere
1137 3044 1332 3113 potuit,
1377 3044 1467 3097 hic
1500 3045 1816 3114 praesertim
1859 3044 1956 3098 ubi
1988 3033 2235 3116 1ᾱο111λῆν
2269 3059 2389 3097 mox
2424 3043 2552 3097 sub-

471 3128 729 3199 sequitur.
802 3130 823 3184 i
856 3147 997 3184 nunc
1034 3133 1090 3185 et
1124 3147 1262 3199 nega
1295 3131 1529 3186 codicem
1565 3128 1617 3188 21
1659 3148 1815 3203 saepe
1849 3131 2176 3202 sequendum
2210 3147 2344 3185 esse.
2488 3126 2553 3182 ὃν

659 3235 724 3268 ov

470 3281 606 3354 ἤδη]
646 3275 725 3339 οἷν
757 3281 867 3354 ἤδη
911 3289 980 3349 Φ,
1030 3286 1172 3367 unde
1203 3291 1356 3358 patet
1401 3289 1551 3357 origo
1596 3289 1718 3343 vitii
1765 3285 1951 3341 αὐτῶν
1983 3305 2079 3359 pro
2118 3284 2303 3351 αὐτόν.
2459 3293 2553 3340 καὶ

475 3371 634 3426 αὐτοὶ
668 3392 717 3439 v,
751 3379 846 3426 καὶ
881 3371 1065 3427 αὐτῶν
1079 3376 1396 3440 ΒΟΨΦΤἾ,
1431 3375 1528 3431 sed
1542 3381 1637 3428 καὶ
1677 3373 1849 3429 αὐτὸν
1867 3373 1984 3438 2152,
2024 3377 2088 3429 ut
2106 3391 2203 3443 ego
2231 3373 2550 3441 inQuaestt.

471 3460 534 3514 L.
569 3477 623 3530 p.
663 3463 764 3516 122
798 3461 1139 3531 conjeceram.
1210 3479 1371 3532 supra
1404 3462 1496 3529 §2
1527 3462 1771 3531 legimus,
1805 3479 2048 3533 proceres
2086 3460 2235 3530 (τοὺς
2273 3458 2552 3531 ἀρίστους)

471 3546 838 3616 Polystratum
870 3549 1113 3604 coluisse.
1182 3550 1245 3604 hi
1275 3566 1518 3619 proceres
1553 3567 1697 3605 1111110
1730 3550 1979 3606 heredem
2024 3551 2088 3619 ip
2102 3566 2128 3603 s
2142 3566 2240 3603 um
2288 3565 2413 3618 quo
2427 3564 2553 3618 que
2657 3537 2662 3540 ’

472 3633 641 3688 001010
679 3634 946 3690 dicuntur.
1017 3635 1180 3691 miror
1212 3636 1440 3692 editores
1488 3636 1757 3706 vulgatam
1798 3643 1893 3690 καὶ
1929 3634 2093 3690 αὐτοί
2122 3634 2259 3691 ferre
2292 3635 2551 3705 potuisse.

611 3719 1046 3791 θεραπεύουσιν]
1083 3720 1534 3793 θεραπεύσουσιν
1569 3722 1635 3782 21.
1791 3721 1999 3781 ἐκεῖνος
2032 3751 2100 3761 -
2135 3718 2266 3791 μου]
2302 3721 2434 3775 haec
2468 3736 2554 3774 om

474 3806 541 3866 21.
685 3807 1035 3879 ἀριθμεῖται]
1071 3806 1180 3879 ἤδη
1222 3809 1556 3881 ἀριθμεῖται
1591 3808 1656 3876 21,
1695 3808 2078 3879 ἀριθμῆταια,
2113 3806 2554 3879 καταριθμεῖται

472 3895 547 3951 Μ.
686 3893 1100 3969 ὑπεξυρημένος
1133 3895 1256 3967 μὲν]
1291 3898 1395 3966 μέν
1430 3914 1514 3952 0111
1540 3898 1609 3959 Ω,
1658 3896 1751 3952 sed
1788 3894 2123 3966 ἐξυρημένος
2155 3896 2259 3964 μὲν
2291 3894 2457 3949 habet
2477 3897 2548 3946 Φ.

609 3978 840 4054 Κόδρου
879 3979 962 4054 δέ]
1003 3980 1064 4038 δὲ
1100 4001 1186 4039 0111
1219 3982 1285 4043 21.
1445 3981 1738 4054 λεγόμενος
1774 3981 1936 4051 εἶναι]
1976 3981 2121 4038 εἶναι
2155 3979 2449 4051 λεγόμενος
2483 3979 2550 4039 21.

610 4089 714 4139 μοι
748 4067 922 4139 μέλει]
957 4068 1115 4140 μέλει
1148 4091 1250 4141 μοι
1287 4070 1352 4129 21.
1495 4091 1544 4123 κ.
1574 4089 1691 4139 στρ.
1714 4089 1763 4124 τ.
1778 4069 1881 4140 Ἑ.]
1920 4070 2142 4127 Graecia
2174 4070 2352 4125 adhuc
2385 4070 2555 4124 libera

472 4156 702 4213 Athenis
736 4157 771 4227 ἡ
809 4157 1080 4229 ἡγεμονία
1113 4157 1212 4227 τῆς
1235 4154 1499 4216 Ἑλλάδος
1542 4159 1581 4215 1.
1620 4176 1663 4212 0.
1700 4159 2063 4229 ,principatus‘
2106 4158 2301 4227 jactari
2333 4158 2392 4212 in
2427 4173 2553 4212 con-

474 4244 718 4301 cionibus
755 4246 976 4312 solebat,
1017 4247 1114 4302 sed
1148 4243 1452 4318 οτρατηγός
1484 4246 1721 4316 pertinet
1753 4245 1823 4300 ad
1856 4236 2167 4316 Philippum
2199 4244 2460 4314 Amyntae
2495 4242 2553 4308 f.‚

476 4330 541 4387 de
588 4350 694 4403 qua.
736 4350 794 4388 re
838 4334 959 4390 ‘vide
1005 4335 1280 4390 Justinum
1313 4334 1409 4399 IX,
1445 4336 1495 4399 4,
1530 4336 1566 4390 2
1612 4336 1668 4388 et
1714 4333 2006 4388 Diodorum
2038 4332 2094 4388 S.
2130 4332 2278 4397 XVI,
2313 4333 2378 4387 91
2428 4330 2549 4385 init.

474 4420 616 4477 idem'
647 4435 768 4476 mox
802 4421 1033 4492 contigit
1066 4419 1380 4488 Alexand10‚
1434 4420 1499 4476 de
1545 4437 1650 4491 quo
1685 4419 1804 4477 vide
1838 4419 2129 4477 Diodorum
2162 4416 2339 4485 XVII,
2373 4419 2410 4474 4
2442 4417 2553 4484 fin..
