3099 5241
1192 392 1193 395 ‘
1317 424 1689 483 sosrRAtrO.
2290 426 2549 485 XXXIX

459 601 700 686 Scripsi
743 606 959 669 autem
1003 602 1372 669 dubitanter
1402 622 1554 668 eum
1584 604 1725 670 edd.
1754 608 1902 671 ante
1927 603 2253 671 Olearium
2283 603 2549 679 νεανίας

456 697 566 787 ἦν,
628 725 761 771 non
818 711 896 772 ut
951 707 1202 773 codices
1247 708 1588 774 exhibent:
1659 706 1922 781 νεανίας
1979 699 2173 783 οὗτος
2227 700 2336 792 ἦν.
2432 710 2548 776 Sin

461 810 608 895 quis
652 831 1004 895 pronomen
1052 812 1367 896 defendet,
1410 813 1533 877 hac
1577 813 2068 898 transpositione
2115 814 2211 878 uti
2256 814 2546 880 debebit:

443 912 578 978 ‘'Ov
638 911 698 978 δ’
749 912 1020 980 ἐκάλουν
1076 918 1169 1005 οἱῘ
1197 916 1424 981 πολλοὶ
1458 913 1807 1000 Ἡρακλέα,
1876 908 2067 990 οὗτος
2113 914 2205 1001 ἐφ’
2242 913 2550 1002 Ἡρώδου

457 1018 723 1091 νεανίας
766 1013 855 1102 ἦν
898 1059 1002 1087 -.
1093 1020 1362 1087 Dudum
1404 1025 1622 1087 tamen
1665 1041 1909 1104 vereor,
1963 1038 2049 1087 ne
2090 1022 2198 1086 hic
2237 1022 2421 1087 locus
2465 1023 2549 1088 sit

459 1124 651 1188 etiam
694 1125 963 1191 mutilus
1005 1126 1219 1192 verbis
1264 1126 1511 1211 aliquot
1552 1128 1720 1192 inter
1762 1123 1806 1207 ἢ
1840 1121 2080 1209 ἀνδρὸς
2109 1131 2173 1191 et
2204 1124 2282 1190 ὂν
2312 1131 2549 1193 temere

459 1229 730 1294 omissis.
835 1229 1066 1315 Neque
1132 1231 1306 1296 enim
1372 1230 1625 1313 Kayser
1689 1231 1986 1296 codicum
2054 1232 2436 1316 scripturam
2499 1229 2547 1313 ἢ

460 1328 699 1415 ἀνδρὸς
741 1353 976 1419 negare
1020 1334 1245 1401 debuit
1287 1335 1755 1400 sollicitandam
1796 1335 2020 1419 fuisse,
2084 1338 2325 1421 quippe
2381 1352 2548 1420 quae

460 1442 700 1521 spectet
743 1440 1087 1524 superiora,
1138 1442 1248 1506 15:
1307 1437 1605 1511 διανοίας
1651 1435 1976 1522 δηλούσης
2022 1433 2253 1522 ἄνδρα,
2306 1440 2547 1525 quibus

459 1541 671 1606 verbis
726 1545 1247 1629 supplementum
1302 1549 1598 1610 nostrum
1656 1544 1923 1610 minime
1978 1550 2313 1630 repugnat.
2408 1544 2548 1610 Pri-

458 1666 641 1711 mum
687 1649 859 1712 enim
909 1650 1082 1734 quod
1117 1650 1370 1733 Kayser
1396 1648 1675 1714 Herodis
1720 1650 2067 1715 orationem
2113 1648 2289 1715 hisce
2331 1649 2546 1716 verbIs

459 1751 760 1816 concludi
811 1754 1037 1836 jussit:
1100 1751 1524 1826 Ποσειδῶνος
1581 1752 1843 1818 δεῖσθαι
1900 1750 1945 1835 ἢ
2005 1749 2269 1837 ἀνδρὸς,
2329 1752 2398 1819 id
2441 1756 2548 1821 vel

455 1874 570 1938 per
611 1875 681 1921 se
723 1875 857 1921 non
900 1859 1288 1924 rhetoricum
1332 1864 1430 1924 est
1473 1859 1586 1924 sed
1628 1859 1969 1944 frigidum:
2027 1860 2118 1924 ita
2161 1860 2336 1926 enim
2380 1865 2546 1925 certe

460 1965 790 2044 exspectes
858 1965 1281 2029 contrarium:
1352 1961 1593 2047 ἀνδρὸς
1660 1961 1922 2028 δεῖσθαι
1987 1959 2034 2045 ἧ
2093 1961 2538 2037 Ποσειδῶνος.

457 2064 619 2128 Tum
664 2054 1089 2132 Philostratus
1145 2087 1229 2133 ex
1285 2068 1387 2133 his
1430 2067 1592 2153 ipsis
1636 2067 1847 2134 verbis
1891 2066 2106 2132 adhuc
2147 2068 2442 2153 integris:
2501 2065 2546 2150 ἢ

436 2165 702 2251 ἀνδρὸς
747 2169 922 2255 [οἴου
965 2177 1081 2235 τοῦ
1114 2167 1532 2257 ιΙ.-Ιραπιιλ.ιεόυς]
1566 2172 1790 2237 didicit
1811 2172 2160 2257 Agathioni
2191 2166 2544 2256 eognomen

461 2270 797 2354 ,Herculis‘
867 2276 1098 2341 fuisse:
1170 2279 1342 2362 quod
1410 2297 1766 2362 cognomen
1824 2277 1895 2341 in
1949 2274 2238 2342 Herodis
2281 2276 2548 2361 epistola

456 2378 750 2442 nondum
807 2380 936 2465 legi
993 2386 1260 2465 poterat,
1322 2382 1678 2448 Ctesidemo
1735 2386 1968 2463 autem,
2027 2398 2066 2444 a
2124 2398 2254 2465 quo
2300 2382 2433 2445 solo
2475 2382 2546 2446 id

457 2480 879 2549 Philostratus
946 2493 1294 2570 acceperat,
1360 2488 1628 2552 minime
1695 2492 1828 2551 erat
1886 2488 2201 2570 ignotum.
2293 2483 2545 2550 Deinde

457 2579 903 2672 PhilostratuS,
973 2591 1085 2675 qui
1142 2592 1213 2656 in
1271 2590 1547 2657 Herodis
1606 2592 1742 2657 vita
1797 2586 2093 2656 brevitati
2152 2589 2387 2673 studet,
2452 2594 2546 2655 tot

455 2691 650 2756 rebus
732 2695 936 2759 multo
1016 2695 1417 2780 gravioribus
1493 2698 1599 2762 vel
1676 2698 1867 2781 plane
1948 2691 2202 2761 omissis
2266 2694 2370 2759 vel
2443 2692 2545 2778 (ut

457 2793 661 2861 Demo
669 2800 848 2863 strati
914 2801 1366 2888 controversia)
1431 2802 1657 2866 leviter
1712 2801 2061 2886 perstrictis
2113 2799 2543 2884 Agathionem

454 2900 562 2964 hic
617 2903 733 2965 vix
791 2909 936 2988 apte
992 2924 1340 2971 memorare
1393 2908 1730 2991 potuisset,
1795 2906 1925 2970 nisi
1979 2922 2132 2969 eum
2174 2921 2545 2989 praegressa

456 3004 526 3068 in
569 3005 849 3071 Herodis
890 3009 1105 3074 verbis
1162 3012 1402 3075 mentio
1464 3011 1787 3094 ,Herculis
1831 3009 2184 3093 cujusdam‘
2235 3008 2546 3093 coegisset

459 3108 537 3174 de
577 3110 701 3175 hoc
728 3111 1009 3179 Hercule
1051 3116 1320 3181 lectores
1361 3115 1625 3181 reddere
1672 3117 1984 3181 certiores.
2074 3112 2375 3198 Denique
2403 3113 2544 3196 ipsa

459 3218 776 3282 sententia
818 3237 1014 3302 prava
1057 3227 1155 3285 est
1198 3240 1483 3307 saneque
1526 3239 1841 3306 perversa.
1934 3215 2178 3303 ,Isthmi
2211 3213 2538 3304 perfossiO,

455 3322 687 3407 inquit,
755 3343 919 3408 opus
984 3330 1081 3391 est
1136 3327 1490 3393 immortale
1546 3333 1609 3392 et
1660 3332 1928 3392 naturae
1983 3342 2182 3410 prope
2235 3328 2542 3408 negatum

456 3429 806 3495 humanae:
869 3432 1126 3497 videtur
1180 3434 1355 3497 enim
1410 3429 1569 3498 mihi
1614 3432 1842 3498 Isthmi
1885 3430 2193 3516 pei-fossio
2238 3428 2541 3514 Neptuno

455 3534 744 3619 indigere
804 3540 946 3601 aut
1001 3535 1218 3601 'vira‘
1313 3537 1455 3615 Quo
1499 3538 1760 3603 tandem
1804 3536 1987 3601 viro?
2075 3535 2283 3600 Immo
2326 3549 2542 3618 neque

458 3640 582 3705 alio
619 3643 775 3724 vire,
818 3659 1033 3727 neque
1062 3641 1338 3727 Herode,
1385 3644 1501 3729 qui
1545 3661 1615 3709 se
1657 3643 1813 3707 huic
1855 3641 1982 3727 ipsi
2027 3642 2201 3726 operi
2247 3639 2541 3704 sufficere

455 3746 646 3810 modo
704 3753 994 3832 negarat:
1063 3765 1276 3834 neque
1337 3747 1509 3814 enim
1554 3749 1713 3830 vire,
1775 3746 2192 3832 quantumvis
2236 3745 2321 3808 sit
2361 3743 2541 3808 fortis

457 3856 521 3915 et
562 3851 753 3936 plane
794 3847 916 3935 vir,
964 3853 1184 3919 datum
1229 3859 1325 3919 est
1370 3869 1560 3938 opera
1592 3853 1779 3919 edere
1808 3851 2045 3915 divina.
2135 3848 2384 3933 Nempe
2425 3865 2539 3932 pro

456 3957 670 4021 verbis
726 3954 770 4038 ἧ
828 3951 1066 4042 ἀνδρὸς
1122 3960 1451 4025 mentione
1494 3977 1658 4044 opus
1702 3962 1799 4023 est
1841 3955 2242 4041 Agathionis,
2303 3954 2415 4017 cui
2458 3947 2539 4016 ab

455 4064 597 4149 ipso
639 4063 896 4129 Herode
948 4063 1021 4127 in
1062 4064 1262 4131 literis
1303 4061 1432 4128 illis
1474 4079 1631 4127 mox
1683 4079 1746 4147 p.
1794 4061 1926 4126 554
1978 4056 2292 4142 δαιμονία
2350 4051 2540 4141 φύσις

456 4166 779 4233 tribuitur.
891 4163 1160 4234 Minime
1234 4169 1433 4254 igitur
1497 4169 1622 4232 hoc
1687 4166 1896 4230 dicere
1958 4157 2248 4229 Herodes
2312 4165 2539 4247 potest,

456 4273 914 4357 perfossionem
977 4271 1356 4358 Neptunum
1422 4287 1767 4357 exposcere
1834 4273 1977 4333 aut
2049 4268 2349 4348 virum,
2426 4265 2540 4330 sed

460 4382 601 4442 aut
672 4378 917 4442 talem
989 4378 1292 4460 virum,
1370 4376 1652 4461 qualis
1723 4374 1857 4440 hic
1931 4375 2042 4438 sit
2104 4365 2534 4438 Hercules.
