3099 5241
1303 441 1673 499 SOSTRATO.
2308 445 2539 502 XXXV

446 612 803 683 Sostratum
863 636 1060 683 suum
1120 621 1184 683 et
1237 617 1317 685 ab
1371 619 1581 684 herois
1625 620 1862 686 virtute
1921 624 1986 686 et
2041 621 2301 707 longius
2344 623 2538 691 etiam

446 718 526 782 ab
572 739 797 786 eorum
840 722 1178 791 hominum
1221 724 1587 789 humilitate
1634 723 1885 790 dixerat
1945 722 2246 810 abfuisse‘,
2281 731 2419 813 ,qui
2463 733 2538 793 ut

444 822 846 893 Nicostratus
901 846 1053 892 cum
1106 829 1400 894 irrisione
1460 835 1676 910 ἕτερος
1723 824 2070 912 Ἡρακλῆς
2127 831 2281 897 dicti
2337 838 2533 899 erant.

445 926 744 1015 Denique
812 931 1166 998 Sostratum
1233 954 1428 999 suum
1482 934 1587 998 vel
1653 952 1804 998 cum
1875 933 2115 1025 Milone
2176 936 2537 1007 Crotoniata

445 1041 857 1119 compararat,
914 1037 1020 1104 vel
1085 1038 1487 1103 simillimum
1551 1038 1753 1103 fuisse
1816 1038 2064 1104 dixerat
2121 1060 2254 1105 non
2315 1043 2535 1123 minus

444 1139 710 1224 antiquo
753 1142 913 1225 viro,
957 1142 1235 1207 Titormo
1266 1142 1510 1226 AetoIO,
1557 1145 1795 1227 pastori
1839 1144 1943 1209 vel
1988 1144 2275 1229 athletae,
2319 1167 2357 1211 a
2404 1166 2532 1232 quo

443 1242 756 1314 Aelianus
799 1248 868 1310 in
899 1246 1082 1311 Varr.
1127 1247 1298 1311 Hist.
1338 1247 1487 1329 XII,
1534 1248 1620 1312 22
1665 1252 1730 1312 et
1773 1267 1858 1313 ex
1901 1267 1977 1314 eo
2022 1250 2215 1315 schol.
2261 1250 2534 1316 Luciani

441 1367 511 1431 p.
556 1349 677 1416 122
725 1350 945 1416 Jacob.
990 1351 1404 1437 proverbium
1455 1351 1620 1415 illud
1666 1351 1893 1417 dicunt
1951 1351 2240 1419 fluxisse.
2341 1353 2533 1438 Ejus—

394 1496 413 1515 .
442 1452 589 1518 dem
630 1456 753 1519 viri
808 1456 888 1520 ab
932 1456 1257 1523 Herodoto
1304 1455 1412 1539 VI,
1460 1455 1610 1538 127,
1655 1455 1987 1522 Athenaeo
2029 1456 2095 1522 X
2137 1479 2199 1543 p.
2245 1459 2432 1523 412f
2468 1465 2533 1525 et

441 1554 725 1623 Luciano
770 1558 869 1625 De
912 1560 1081 1626 Hist.
1131 1561 1385 1626 Conscr.
1435 1579 1489 1624 c.
1538 1560 1624 1625 34
1666 1559 1779 1624 fin.
1826 1563 2067 1626 mentio
2123 1563 2358 1645 injecta
2415 1569 2532 1647 est,

441 1679 526 1725 ex
593 1663 831 1748 quibus
895 1664 1261 1733 Herodotus
1326 1666 1683 1729 Titormum
1760 1664 1986 1730 scribit
2052 1667 2248 1731 vitam
2326 1669 2533 1753 egisse

441 1748 803 1852 solitariam,
851 1789 1017 1854 quae
1060 1789 1161 1835 res
1205 1771 1439 1855 partim
1483 1771 1670 1834 etiam
1716 1770 1788 1833 in
1833 1769 2194 1836 Sostratum
2237 1777 2532 1838 nostrum

440 1871 662 1938 cadere
705 1875 977 1939 videtur.
1067 1874 1165 1939 De
1209 1873 1527 1940 Athenaei
1587 1877 1804 1938 autem
1856 1874 1995 1940 loco
2039 1874 2403 1942 Meinekius
2456 1879 2529 1943 in

441 1976 626 2041 Anal.
657 1978 844 2043 Alex.
876 1999 939 2063 p.
974 1979 1102 2046 249
1139 1979 1473 2043 verissime
1510 1977 1843 2060 judicavit.
1936 1979 2124 2046 Adde
2168 1980 2531 2049 Maximum

436 2080 701 2163 Tyrium
743 2082 914 2148 Diss.
963 2082 1082 2148 VII
1123 2103 1187 2169 p.
1240 2084 1365 2150 110
1407 2082 1649 2169 Reisig„
1708 2083 1823 2167 qui
1877 2084 1950 2148 in
1992 2084 2269 2151 Titormo
2323 2086 2530 2171 longi·-

436 2187 732 2252 tudinem
796 2190 1076 2273 corporis
1144 2188 1510 2254 admiratur.
1634 2185 1732 2252 De
1798 2188 1939 2271 ipso
2004 2189 2127 2255 hoc
2192 2189 2527 2275 proverbio

434 2288 818 2359 Leutschius
848 2294 927 2358 ad
961 2292 1437 2378 Diogenianum
1468 2314 1528 2377 Ρ.
1568 2292 1696 2358 190
1726 2290 1913 2375 plura
1942 2293 2243 2379 conlegit,
2291 2296 2527 2360 omisso

438 2397 552 2478 qui
618 2398 1026 2480 proverbium
1092 2398 1276 2463 aliter
1340 2398 1710 2481 explicavit,
1775 2396 2102 2463 Pausania
2157 2397 2244 2482 X⁶‚
2304 2401 2407 2480 13,
2460 2399 2522 2464 4.

436 2498 562 2565 Sed
595 2503 850 2585 qualem
879 2503 1227 2568 Herculem
1259 2502 1484 2566 Graeci
1526 2501 1704 2565 hunc
1735 2500 2093 2571 Sostratum
2135 2507 2201 2567 et
2245 2502 2528 2569 dixerint

436 2608 499 2670 et
561 2627 710 2672 vere
777 2628 915 2678 esse
978 2608 1284 2693 putarint,
1363 2626 1590 2693 operae
1667 2608 1944 2691 pretium
2024 2611 2121 2673 est
2199 2628 2522 2692 quaerere.

433 2708 601 2775 Nam
670 2713 748 2777 de
817 2712 1116 2797 ,Hercule
1180 2712 1439 2779 rustico‘
1510 2713 1602 2775 ita
1668 2713 1923 2796 scripsit
1979 2710 2387 2797 Lampridius
2451 2714 2524 2778 in

437 2813 781 2881 Commodo
839 2838 892 2882 c.
944 2818 1028 2883 10
1070 2817 1215 2883 fin.:
1280 2816 1546 2901 ‚Habuit
1590 2815 2030 2902 (Commodus)
2085 2824 2149 2882 et
2199 2818 2525 2884 hominem

433 2939 598 3003 pene
653 2922 1054 3005 prominente
1113 2923 1280 2987 ultra
1337 2922 1603 2986 modum
1665 2921 2058 3005 animalium,
2121 2943 2318 3008 quem
2361 2920 2525 2988 ὄνον

436 3024 812 3108 appellabat,
869 3025 994 3093 sibi
1051 3027 1478 3109 carissimum,
1540 3045 1734 3109 quem
1793 3030 1857 3091 et
1911 3027 2138 3091 ditavit
2196 3033 2259 3093 et
2318 3046 2525 3094 sacer-

433 3128 604 3193 dotio
680 3129 983 3197 Herculis
1061 3132 1285 3196 rustici
1364 3130 1769 3215 praeposuit‘.
1806 3129 1866 3214 *)
1977 3129 2108 3195 Ubi
2172 3131 2523 3198 Herculem

429 3234 744 3299 rusticum
760 3285 777 3319 ,
840 3237 912 3299 in
980 3254 1173 3319 quem
1237 3236 1417 3300 nulla
1482 3236 1657 3301 cadit
1719 3234 2101 3318 theocrasia,
2168 3236 2522 3320 Salmasius

430 3336 664 3403 frustra
719 3342 990 3424 conjecit
1049 3339 1413 3423 ‚Herculem
1467 3339 1823 3405 Silvanum‘
1883 3339 2105 3424 fuisse,
2174 3342 2369 3407 deum
2413 3330 2522 3408 'ex

430 3441 686 3510 duobus
730 3451 1121 3530 concretum,
1169 3447 1355 3530 quasi
1399 3445 1575 3510 dicas
1605 3443 2076 3527 Πανηρακλῆς,
2127 3447 2225 3512 uti
2267 3445 2519 3512 Tullius

568 3703 622 3773 *)
660 3703 809 3760 Alibi
860 3704 1108 3760 Herculis
1158 3706 1403 3760 sacerdos
1438 3706 1528 3759 vir
1572 3706 1659 3759 est
1704 3704 1983 3772 honestus,
2033 3703 2307 3758 interdum
2354 3703 2520 3758 etiam

427 3806 617 3860 magna
652 3791 913 3861 dignitate
949 3785 1242 3862 praedituS‚
1276 3792 1452 3847 veluti
1485 3791 1729 3860 Marsyas
1774 3789 2070 3845 historicus
2106 3792 2162 3844 et
2194 3790 2342 3844 idem
2376 3789 2518 3846 Her·-

428 3877 569 3934 culis
603 3881 852 3935 sacerdos
884 3897 967 3950 ap.
1004 3879 1199 3934 Athen.
1235 3878 1323 3933 XI
1345 3896 1396 3949 p.
1420 3884 1543 3947 467,
1570 3896 1615 3933 c.
1685 3877 1828 3932 Nam
1863 3876 2008 3946 quod
2046 3876 2303 3931 Herculis
2338 3893 2517 3933 sacer-

426 3964 525 4021 dos
559 3983 641 4036 ap.
666 3965 1018 4032 Plutarchum
1044 3967 1283 4034 Quaestt.
1311 3966 1400 4020 Gr.
1426 3970 1495 4025 58
1530 3966 1675 4036 apud
1700 3964 1837 4020 Coos
1871 3964 2010 4019 festo
2047 3966 2286 4033 tempore
2320 3963 2518 4034 pallam

427 4053 483 4106 et
515 4053 733 4108 mitram
768 4057 1007 4123 gestasse
1043 4053 1263 4122 dicitur,
1312 4053 1370 4107 id
1419 4052 1587 4107 etiam
1634 4068 1764 4106 cum
1796 4050 1921 4106 aliis
1958 4050 2096 4107 viris
2111 4035 2280 4105 ‘idem
2314 4052 2517 4107 festum

426 4139 817 4195 celebrantibus
850 4140 1231 4218 'Nicomachus
1278 4157 1361 4210 ap.
1410 4139 1627 4210 Lydum
1671 4137 1752 4193 De
1798 4137 2081 4193 Mensibus
2127 4155 2178 4208 p.
2229 4143 2296 4200 81
2345 4138 2512 4193 Bekk.

425 4228 801 4284 communicat.
875 4226 1211 4297 Omninoque
1257 4243 1319 4281 ea
1364 4242 1453 4281 res
1487 4227 1555 4281 ad
1589 4225 1877 4295 religiones
1912 4224 2133 4279 videtur
2166 4224 2513 4294 pertinuisse.

426 4314 618 4369 Confer
662 4313 726 4369 Ο.
761 4313 1054 4369 Miillerum
1099 4314 1159 4368 in
1207 4313 1242 4369 l.
1314 4312 1418 4368 Die
1451 4313 1646 4368 Dorier
1678 4312 1709 4366 I
1743 4329 1793 4382 p.
1831 4316 1934 4370 452
1983 4313 2038 4366 et
2073 4310 2405 4366 Lobeckium
2453 4312 2513 4366 in

296 4395 305 4404 ’
424 4400 682 4472 Aglaoph.
718 4419 771 4471 p.
811 4409 927 4464 177.

2091 4505 2191 4552 111·
