3099 5241
1179 456 1871 514 PSEUDOLUCIANEIS.
2298 454 2568 514 LXXVII

478 631 727 715 opinor)
799 631 1114 698 deductus
1179 635 1530 717 graecismo
1598 635 2047 717 atticismoque
2103 633 2253 699 dare
2311 653 2566 719 operam

479 738 811 820 coepisset,
871 757 1027 800 mox
1079 738 1457 803 rhetoricam
1501 738 1805 823 profiteri,
1859 737 2043 802 fictas
2087 757 2316 804 causas
2361 740 2568 804 decla-

477 841 701 904 mitare
768 846 832 906 et
896 843 1092 926 hujus
1157 844 1411 926 generis
1479 844 1856 927 scriptiones
1933 843 2116 907 edere
2184 863 2383 907 ausus
2450 849 2563 909 est.

478 946 569 1009 At
610 965 743 1009 non
787 946 878 1010 ita
920 946 1123 1011 multo
1166 952 1313 1030 post
1356 947 1537 1030 vidit,
1595 967 1664 1012 se
1721 949 1790 1010 in
1851 948 2183 1029 rhetorica,
2246 968 2411 1033 quae
2467 969 2567 1013 ars

478 1054 620 1114 tum
666 1068 821 1115 sane
864 1050 988 1116 fuit
1029 1051 1378 1134 fructuosa,
1423 1053 1540 1114 vix
1585 1071 1813 1136 operae
1855 1053 2136 1136 pretium
2180 1072 2319 1117 esse
2363 1053 2568 1118 factu-

477 1173 642 1219 rum.
759 1152 968 1231 Quare
1034 1154 1114 1219 ab
1180 1156 1492 1220 rhetorica
1561 1156 1641 1220 ad
1710 1155 1994 1240 dialogos
2063 1156 2433 1221 scribendos
2500 1176 2569 1222 se

481 1259 755 1324 contulit
808 1266 873 1325 et
916 1279 1025 1324 eos
1069 1262 1350 1325 maxime
1396 1262 1724 1343 satyricos.
1817 1259 2164 1344 Quumque
2211 1260 2569 1327 diutissime

480 1363 736 1446 vixerit,
792 1363 1104 1429 habemus
1166 1370 1229 1429 et
1277 1365 1539 1447 juvenis
1585 1371 1646 1430 et
1691 1367 1812 1428 viri
1857 1371 1919 1429 et
1963 1384 2113 1430 vero
2158 1367 2331 1430 senis
2377 1385 2569 1450 opus-

482 1468 655 1532 cula:
738 1471 992 1553 scripsit
1057 1470 1230 1533 enim
1299 1473 1380 1533 ad
1447 1475 1797 1534 extremam
1863 1490 2076 1554 usque
2144 1476 2564 1535 senectutem.

482 1571 583 1636 Ita
626 1574 696 1636 in
743 1573 885 1657 ejus
927 1573 1109 1637 libris
1153 1574 1366 1638 variae
1409 1579 1643 1639 aetates
1688 1575 1895 1660 ipsius
1931 1576 2115 1657 vitae,
2159 1575 2334 1638 varia
2380 1576 2570 1639 etiam

481 1696 717 1761 genera
797 1679 1146 1762 scripturae
1224 1677 1423 1761 probe
1503 1679 1922 1744 discernenda
1995 1685 2162 1743 sunt.
2272 1678 2570 1743 Facilitas

484 1782 657 1845 enim
716 1784 1046 1864 sermoniS,
1115 1801 1281 1866 quae
1347 1801 1494 1847 eum
1562 1791 1784 1868 postea
1845 1784 2131 1865 ornabat,
2197 1784 2267 1846 in
2329 1784 2570 1866 juvene

484 1886 696 1950 adhuc
764 1886 1175 1969 desideratur,
1241 1887 1522 1951 necdum
1588 1889 1840 1952 numeri
1906 1890 2048 1971 ejus
2115 1889 2268 1952 satis
2328 1888 2571 1952 exculti

484 1996 656 2055 sunt.
765 1990 1005 2056 Omnes
1072 1997 1287 2056 tamen
1351 1997 1521 2057 recte
1582 1994 2014 2074 consentiunt,
2083 1992 2593 2062 declamationes

493 2092 776 2178 Φάλαρις
823 2090 874 2157 α’
929 2101 993 2161 et
1033 2093 1094 2180 β’
1152 2096 1527 2180 similesque
1588 2096 1666 2159 ab
1726 2098 1868 2181 ipso
1925 2097 2237 2180 profectas
2282 2116 2442 2178 esse,
2502 2096 2570 2160 id

488 2200 662 2283 quod
708 2201 1082 2264 auctoritate
1129 2206 1377 2265 constat
1418 2201 1629 2265 Photii
1689 2203 1758 2264 in
1806 2202 1942 2265 cod.
1999 2201 2120 2266 128
2166 2201 2305 2264 init.
2352 2223 2414 2286 p.
2462 2202 2567 2269 96.

488 2302 799 2379 Quocirca
878 2324 994 2388 ego
1077 2306 1133 2368 si
1216 2324 1411 2388 quem
1488 2305 1727 2369 librum
1805 2306 2012 2389 primo
2091 2325 2207 2389 pro
2275 2313 2569 2388 suspecto

488 2407 879 2491 habuissem,
937 2415 1159 2493 postea
1203 2416 1421 2474 autem
1462 2411 1587 2493 ipsi
1634 2409 1999 2473 tribuissem
2042 2408 2350 2491 Lucian0,
2412 2431 2571 2475 non·

485 2532 825 2596 nunquam
885 2516 1194 2597 usurpavi
1252 2514 1438 2577 illum
1496 2532 1754 2578 versum
1799 2513 2042 2578 Flacci:
2115 2534 2263 2598 ,quo
2319 2521 2572 2579 teneam

488 2617 701 2682 voltus
756 2626 1126 2684 mutantem
1157 2618 1384 2684 Protea
1443 2619 1612 2684 nodo
1630 2620 1679 2683 Ρι
1771 2619 1938 2702 Ergo
1997 2619 2051 2683 si
2113 2620 2260 2702 quis
2322 2619 2401 2684 de
2445 2619 2573 2685 Lu-

487 2723 657 2787 ciani
722 2723 902 2787 libris
967 2726 1199 2809 partim
1267 2726 1571 2809 genuinis
1635 2725 1869 2808 partim
1936 2722 2212 2788 subditis
2283 2724 2574 2806 judicare

486 2827 780 2910 voluerit,
826 2830 886 2893 ei
931 2833 1027 2909 (ut
1070 2831 1307 2914 optime
1351 2828 1644 2892 Rankius
1688 2829 1731 2892 1.
1778 2829 1819 2892 1.
1859 2848 1922 2912 p.
1956 2827 2066 2913 23)
2113 2847 2366 2891 summa
2410 2847 2573 2912 opus

489 2937 586 2996 est
653 2933 984 3017 diligentia
1040 2940 1102 2997 et
1160 2935 1473 2997 cautione.
1569 2934 1774 3016 Atqui
1835 2932 2004 3016 quod
2068 2931 2150 2995 ad
2209 2930 2574 2996 Bekkerum

488 3039 782 3121 pertinet,
834 3037 1056 3102 nullus
1099 3039 1280 3102 locus
1322 3038 1427 3102 vel
1472 3038 1758 3101 cautioni
1803 3037 2065 3101 relictus
2110 3041 2243 3100 erat
2285 3037 2354 3099 in
2398 3036 2575 3100 festi-

488 3142 749 3205 natione
817 3143 974 3206 adeo
1029 3144 1361 3227 praecipiti
1415 3143 1520 3206 vel
1577 3142 1941 3226 diligentiae
1998 3141 2069 3203 in
2129 3159 2282 3204 sene
2337 3140 2574 3206 editore

465 3251 752 3309 centum
818 3249 1230 3311 voluminum
1294 3266 1686 3332 graecorum.
1776 3247 1939 3310 Tum
2006 3244 2170 3308 nihil
2235 3264 2399 3328 opus
2459 3250 2574 3327 est,

493 3351 608 3433 qui
652 3349 985 3416 Platonem
1031 3359 1096 3417 et
1137 3353 1545 3417 Aristotelem
1593 3352 1759 3433 edat,
1818 3369 2127 3435 magnum
2189 3368 2329 3413 esse
2371 3350 2576 3433 philo-

492 3455 787 3539 sophum,
850 3457 964 3540 qui
1017 3457 1374 3540 historicOS,
1426 3458 1647 3541 ipsum
1695 3473 1953 3540 quoque
1999 3473 2139 3518 esse
2182 3454 2575 3537 historicum,

491 3566 603 3623 aut
671 3561 1189 3646 archaeologum,
1258 3563 1373 3645 qui
1439 3562 1540 3644 (ut
1604 3560 1855 3625 Bekker
1918 3558 2300 3641 indignante
2369 3557 2435 3621 C.
2499 3557 2574 3621 G.

492 3663 824 3730 Siebelisio
877 3668 1072 3749 priori
1128 3667 1391 3750 editore)
1450 3665 1844 3729 Pausaniam
1903 3663 2092 3727 edere
2148 3661 2397 3737 audeat,
2465 3667 2579 3726 aut

495 3771 609 3854 qui
666 3767 1031 3834 Lucianum
1097 3771 1376 3855 evulget,
1444 3790 1594 3835 eum
1664 3769 2018 3850 satyricum
2087 3784 2225 3829 esse
2282 3764 2575 3830 Liscovio

491 3874 668 3939 haud
709 3874 1092 3939 inferiorem.
1179 3874 1348 3953 Non,
1404 3876 1698 3958 inquam,
1759 3891 1923 3956 opus
1969 3874 2085 3952 est,
2143 3889 2357 3954 neque
2402 3890 2577 3935 unus

493 3984 701 4064 potest
744 3980 980 4061 omnia,
1024 3997 1238 4063 neque
1282 3979 1347 4043 id
1390 3979 1800 4062 requirimus
1889 3976 2061 4040 Illud
2106 3976 2320 4059 potius
2362 3975 2577 4059 requi-

492 4085 675 4168 ritur,
743 4091 820 4149 ut
876 4085 989 4169 qui
1044 4085 1263 4169 spuria
1321 4082 1400 4147 ab
1445 4083 1750 4169 genuinis
1795 4081 2151 4145 discernere
2194 4079 2367 4161 velit,
2427 4099 2578 4148 eum

494 4196 647 4254 nota
712 4194 883 4254 certa
946 4171 1032 4254 ne
1100 4188 1366 4271 deficiat,
1430 4189 1608 4252 unde
1667 4187 1827 4251 ratio
1883 4189 2175 4248 sumatur
2221 4184 2574 4267 judicandi.

494 4294 593 4359 Ita
658 4295 821 4358 nihil
887 4294 994 4358 ille
1060 4295 1393 4377 antiquius
1459 4292 1751 4373 habebit,
1837 4309 2030 4373 quam
2097 4292 2170 4352 ut
2234 4290 2304 4351 in
2369 4289 2578 4372 ipsius

498 4400 824 4484 scriptoris
903 4400 1273 4483 ingenium,
1349 4403 1656 4481 tanquam
1737 4397 1806 4461 in
1886 4393 2172 4479 aliquod,
2230 4395 2579 4460 sacrarium
