3099 5241
630 481 712 544 88
1444 482 1900 533 ΛοφκιΑΝοφ

627 650 708 717 τοὶ
755 656 826 716 ἐν
868 659 953 738 τῷ
996 652 1115 738 βίῳ
1163 653 1452 728 ἅπαντα,
1506 652 1592 726 ὥς
1635 678 1696 717 τι
1741 653 1844 716 καὶ
1895 651 2047 717 ι’δῶν
2095 657 2568 740 ἐπανέλθοιμι·
2640 653 2730 727 ὡς

628 754 716 838 ἦν
772 781 862 840 με
923 754 997 822 σύ
1059 756 1252 844 ἀφῇς,
1327 755 1523 822 οὐδὲν
1582 765 1713 822 τῶν
1768 757 2026 840 τυφλῶν
2071 756 2335 824 διοι’σω’
2407 756 2728 842 καθάπερ

489 871 589 925 491
627 862 751 947 γάρ
834 864 1062 925 ἐκεῖνοι
1143 858 1535 943 σφάλλονται
1615 862 1718 925 καὶ
1788 860 2325 927 διολισθάνουσιν
2393 868 2464 928 ἑν
2526 870 2618 948 τῷ
2692 865 2728 901 *

633 961 858 1051 σκότῳ,
924 966 1091 1030 οὕτω
1155 963 1232 1050 δή
1283 962 1453 1052 κάγώ
1503 991 1605 1030 σοι
1651 969 1937 1049 ε’·’,ιιπαλιν
1982 964 2379 1051 ἀμβλυώττω
2425 965 2597 1052 πρὸς
2649 964 2728 1033 τὸ

630 1076 785 1152 φῶς.
883 1067 1038 1134 ἀλλά
1090 1067 1225 1146 δὸς,
1294 1068 1340 1133 oi
1433 1069 1742 1152 ὐλλήνιε,
1804 1095 1927 1154 μοι
1973 1075 2034 1143 ἐς
2082 1070 2180 1136 ἀεὶ
2224 1056 2729 1159 ’μεμνησομένῳ

629 1171 749 1257 τήν
795 1169 998 1262 χάριν.
1093 1178 1152 1241 2.
1213 1175 1441 1240 ΕΡΜ.
1507 1182 1705 1239 τοῦτο
1752 1171 1827 1240 τὸ
1873 1183 2148 1263 πρᾶγ,ιιοι
2197 1183 2459 1265 πληγῶν
2508 1180 2728 1242 αἴτιον

630 1276 1105 1363 καταστήσεται
1145 1301 1297 1364 μοι·
1350 1275 1477 1362 ὁρῶ
1520 1285 1686 1365 γοῦν
1729 1276 1857 1361 ἤδη
1904 1277 2023 1345 τὸν
2065 1279 2327 1364 μισθὸν
2369 1287 2487 1365 τῆς
2531 1307 2730 1366 περι-

630 1381 922 1469 ηγὴσεως
1004 1381 1120 1449 οὐκ
1200 1379 1563 1448 ἀκόνδυλον
1639 1379 2069 1449 παντάπασιν
2132 1383 2301 1469 ἡμῖν
2368 1383 2722 1471 ἐσόμενον.

632 1486 1081 1575 ὑπουργητέον
1132 1487 1200 1552 δὲ·
1247 1487 1460 1570 ὅμως·
1526 1487 1592 1551 τί
1629 1485 1753 1574 γάρ
1802 1487 1885 1552 ἄν
1933 1489 2036 1553 καὶ
2082 1488 2298 1554 πάθοι
2342 1515 2459 1566 τις,
2513 1488 2730 1555 ὁπότε

633 1592 816 1677 φίλος
873 1617 969 1665 τις
1027 1590 1117 1656 ῶν
1173 1589 1503 1677 βιάζοιτος
1572 1590 1791 1656 πάντα
1848 1596 1977 1676 μὲν
2037 1588 2153 1657 οὖν
2215 1619 2286 1659 σε
2347 1595 2510 1660 ἰδεῖν
2553 1593 2718 1660 καθ’

635 1705 909 1763 ἕκαστον
966 1695 1238 1782 ἀκριβῶς
1299 1693 1646 1783 ἀμήχανόν
1690 1701 1886 1777 ἐστιν,
1951 1692 1998 1762 ὦ
2045 1706 2400 1783 πορθμεῦ·
2461 1700 2730 1765 πολλῶν

633 1801 756 1891 γάρ
805 1801 890 1867 ἀν
935 1807 1090 1867 ἐτῶν
1135 1799 1174 1882 ἦ
1228 1798 1521 1885 διατριβή
1573 1800 1849 1887 γένοιτο.
1947 1800 2083 1866 εἶτα
2147 1808 2258 1886 ἐμὲ
2305 1807 2435 1887 μὲν
2480 1801 2726 1889 κηρύτ-

635 1914 871 1972 τεσθαι
918 1905 1155 1989 δεήσει,
1218 1902 1523 1989 καθάπερ
1573 1903 1984 1989 ἀποδράντα,
2045 1904 2178 1971 ὑπὸ
2222 1915 2336 1971 τοῦ
2384 1904 2575 1982 Διός·
2653 1911 2727 1973 σὲ

494 2020 600 2072 492
639 2012 708 2077 δὲ
752 2011 860 2076 καὶ
906 2008 1106 2076 alnov
1153 2007 1409 2074 κωλύσω
1461 2015 1740 2096 ἐνεργεῖν
1794 2007 1872 2073 τά
1932 2011 1965 2048 *
2021 2019 2137 2074 τοῦ
2190 2010 2493 2078 θανάτου
2537 2015 2721 2099 ἔργα,

638 2114 770 2203 [ὡς]
839 2117 943 2180 καὶ
1003 2113 1122 2199 τήν
1184 2111 1582 2186 Πλούτωνος
1644 2109 1847 2200 ἀρχῆν
1905 2116 2183 2197 ζημιοῦν
2236 2113 2334 2200 μῆ
2398 2141 2728 2204 νεκραγω-

634 2308 822 2364 beckio
870 2308 934 2362 ad
982 2307 1184 2375 Phryn.
1233 2323 1286 2374 p.
1335 2312 1450 2370 555,
1506 2307 1605 2374 qui
1643 2303 1951 2372 Ἑρμάδιον
1996 2305 2222 2359 sustulit
2267 2323 2296 2360 e
2344 2306 2543 2360 Zonara
2588 2307 2724 2362 Lex.

635 2396 690 2449 Τ.
729 2396 756 2449 Ι
792 2413 843 2463 p.
880 2399 985 2453 870
1033 2394 1321 2462 eademque
1377 2409 1534 2461 opera
1587 2393 1750 2446 etiam
1804 2410 1833 2446 e
1889 2392 2074 2459 Suida,
2133 2410 2291 2461 quem
2346 2392 2571 2448 Zonaras
2625 2411 2726 2448 ex-

637 2483 869 2552 scripsit.
960 2499 1082 2549 ergo
1127 2479 1419 2550 Ἑρμίδιον
1471 2480 1665 2534 atticos
1719 2479 1927 2534 dixisse
1982 2478 2069 2533 vel
2124 2496 2153 2533 e
2205 2479 2498 2534 recentiore
2553 2482 2727 2535 forma

626 2570 934 2640 Ἑρμάριον
971 2569 1162 2624 elucet.
1236 2568 1328 2622 sed
1364 2567 1586 2622 forsitan
1625 2567 1747 2636 quis
1796 2568 2035 2634 miretur,
2077 2565 2366 2636 Ἑρμι·διον
2399 2567 2459 2620 in
2494 2569 2725 2638 utroque

635 2659 794 2713 Pacis
840 2675 1003 2712 versu
1044 2654 1549 2724 antepaenultimam
1599 2654 1907 2722 producere,
1958 2671 2092 2722 quae
2128 2654 2346 2708 videtur
2392 2655 2729 2724 corripienda

635 2746 821 2799 fuisse.
896 2760 1199 2814 quanquam
1252 2742 1311 2795 in
1364 2741 1579 2795 nomine
1634 2741 1846 2810 proprio
1901 2757 2086 2795 omnes
2138 2743 2322 2810 poe'tae
2376 2743 2432 2795 et
2478 2740 2634 2795 latini
2670 2743 2728 2795 et

637 2849 765 2887 vero
818 2831 994 2899 graeci
1047 2829 1402 2899 inprimisque
1457 2828 1660 2882 scenici
1714 2828 1985 2880 interdum
2038 2827 2134 2881 tali
2201 2826 2422 2882 licentia
2477 2830 2722 2882 utuntur.

639 2919 770 2988 quin
806 2919 969 2972 etiam
1005 2919 1064 2972 in
1099 2917 1223 2971 aliis
1270 2915 1536 2986 ejusmodi
1591 2913 1946 2968 deminutivis
1996 2914 2172 2983 (velut
2216 2914 2275 2967 in
2323 2913 2593 2986 κωβίδιον
2640 2932 2725 2984 ap.

636 3005 967 3060 Meinekium
1002 3004 1210 3072 Fragm.
1249 3004 1393 3058 Com.
1430 3003 1485 3055 Τ.
1521 3002 1608 3055 ΙΠ
1643 3018 1692 3070 p.
1733 3003 1855 3069 173)
1891 3000 2339 3069 antepaenultima
2373 3002 2529 3056 modo
2566 3000 2726 3070 longa

638 3094 793 3148 modo
846 3092 1029 3146 brevis
1083 3107 1201 3144 esse
1253 3090 1530 3157 reperitur.
1622 3090 1760 3141 errat
1809 3089 1978 3157 igitur
2033 3090 2093 3143 L.
2148 3088 2461 3143 Dindorfius
2517 3090 2600 3160 (in
2653 3089 2724 3142 H.

639 3180 820 3249 Steph.
858 3179 1014 3232 Thes,
1051 3178 1111 3232 L.
1152 3177 1239 3230 Gr.
1276 3176 1361 3230 ΠΙ
1397 3193 1446 3244 p.
1485 3182 1624 3234 2043
1659 3176 1741 3228 ed.
1777 3174 1941 3245 Pan),
1992 3176 2086 3245 qui
2122 3176 2182 3229 in
2218 3175 2356 3230 Pace
2391 3176 2480 3230 bis
2520 3176 2726 3244 Ἑρμῆ-

643 3266 767 3320 διον
814 3265 1112 3321 coniciebat
1157 3266 1376 3317 secutus
1424 3265 1656 3330 fratrem,
1707 3263 1801 3331 qui
1847 3263 1947 3318 hoc
1984 3262 2214 3317 Luciani
2263 3262 2381 3318 loco
2419 3263 2594 3332 Ἑρμῆ
2604 3261 2731 3316 διον

639 3354 826 3408 edidit.
898 3370 1021 3406 nam
1069 3351 1172 3406 etsi
1209 3351 1430 3418 Ἑρμῆς,
1462 3349 1773 3417 Ἑρμῄδιον
1806 3350 1983 3403 videri
2020 3353 2248 3419 possunt
2284 3350 2472 3404 eodem
2505 3348 2730 3404 vinculo

641 3457 746 3511 quo
782 3442 869 3510 γῆ,
910 3437 1106 3509 γήδιον
1143 3440 1446 3493 cohaerere:
1495 3439 1674 3490 tamen
1708 3437 1905 3491 formae
1932 3435 2239 3505 Ἑρμῄδιον
2274 3435 2463 3491 nullus
2498 3453 2729 3505 usquam

641 3528 798 3582 testis
834 3530 919 3581 est
952 3543 1019 3581 ne
1055 3526 1197 3594 apud
1232 3525 1532 3578 Lucianum
1571 3525 1806 3593 quidem,
1844 3523 1940 3578 ubi
1977 3524 2243 3579 editiones
2287 3526 2499 3578 tantum
2532 3524 2732 3578 habent

630 3615 954 3686 Ἑρμῄδιον,
995 3613 1209 3669 codices
1246 3613 1461 3667 omnino
1497 3628 1603 3665 non
1637 3611 1848 3665 habent.
2028 3610 2098 3679 ἥν
2132 3612 2224 3680 με]
2265 3611 2332 3680 ἢν
2366 3613 2468 3680 μὲν
2502 3612 2567 3665 A.

644 3704 807 3777 ἀφῇς]
839 3703 998 3771 ἀφεὶς
1015 3702 1088 3756 Μ..
1250 3700 1510 3767 καθάπερ
1537 3699 1668 3768 γὰρ]
1705 3699 1809 3768 γὰρ
1838 3714 1925 3752 om
1945 3698 2141 3754 «ΑΩ-(22.
2303 3707 2392 3751 καὶ
2437 3696 2730 3751 διολισθά-

583 3827 588 3836 -
641 3813 830 3845 νουσιν
864 3790 926 3859 Β,
978 3799 1066 3842 καὶ
1113 3786 1593 3842 ὃιολισθαιίὀυσιν
1629 3786 1803 3854 &Tem
1852 3783 2329 3843 διολισθαίνοντες
2364 3787 2547 3842 ΑΩΩ2
2585 3787 2641 3838 et
2674 3802 2729 3853 V,

643 3876 1086 3932 δισλισθέιοντες
1140 3894 1185 3930 a.
1368 3872 1541 3941 σκότῳ
1598 3873 1697 3931 BQ
1750 3876 1804 3927 et
1855 3891 1909 3939 v,
1967 3871 2153 3925 σκότει
2210 3870 2555 3928 ACML9522.

642 3957 812 4034 κάγὼ]
855 3963 955 4033 ἐγω
995 3962 1042 4016 Β
1080 3962 1242 4017 solus.
1436 3959 1673 4029 ἔμπαλιν
1709 3959 2119 4026 fflANML-QQZ
2155 3956 2323 4011 πάλιν
2357 3976 2394 4011 v
2427 3960 2482 4012 et
2507 3959 2732 4012 fortasse

641 4052 706 4106 B.
886 4048 1220 4122 ἀμβλυώττω
1270 4047 1372 4105 BQ
1418 4049 1472 4100 et
1506 4066 1560 4116 v,
1613 4045 1986 4117 ἀμβλυώττων
2033 4046 2233 4103 21992.
2409 4066 2513 4114 μοι
2551 4044 2602 4103 ἐς
2641 4043 2733 4098 ἀεὶ

640 4139 741 4198 BQ
775 4140 831 4192 et
865 4156 918 4207 v,
953 4159 1054 4207 μοι
1091 4154 1179 4192 om
1214 4139 1263 4190 A
1299 4135 1394 4204 qui
1435 4136 1486 4193 ἐς
1524 4134 1610 4187 ἀεὶ
1648 4136 1702 4188 et
1737 4134 1831 4202 qui
1869 4129 1944 4190 εἷς
1983 4133 2071 4186 ἀεὶ
2108 4136 2258 4189 ΩΩ2.

780 4231 830 4284 2.
901 4227 1067 4278 τοῦτο
1115 4226 1314 4292 imm,
1364 4231 1518 4276 τουτὶ
1569 4221 1668 4278 Bi(
1714 4224 1769 4274 et
1814 4238 1866 4274 v.
2044 4217 2151 4288 ἤδη
2204 4220 2304 4272 τὸν
2348 4217 2583 4289 μισθὸν]
2634 4218 2736 4271 τὸν

641 4316 854 4383 μισθὸν
892 4310 996 4379 ἤδη
1036 4314 1101 4365 A.
1274 4312 1462 4364 πάθοι
1506 4306 2166 4382 ΒΑΟΝΜΕΠἩΩΩ2(Ῡ),
2213 4305 2375 4377 πάθῃ
2428 4305 2548 4359 edd.
2598 4306 2732 4359 vett.

818 4400 987 4454 ὁπότε
1030 4398 1205 4467 φίλος]
1244 4397 1413 4452 ὁπότε
1452 4406 1543 4449 καὶ
1586 4394 1742 4465 φίλος
1775 4399 1925 4451 ΩΩ2.
2105 4389 2359 4464 κωλύσω]
2398 4391 2477 4445 ita
2511 4391 2732 4460 conjeci.

641 4488 769 4544 libri
805 4486 1052 4541 κωλύσει.
1228 4479 1381 4555 ἔργα]
1420 4484 1719 4555 πράγματα
1757 4482 1822 4541 91.
1990 4483 2114 4550 post
2151 4480 2285 4551 ἔργα
2334 4478 2461 4533 libri
2508 4479 2736 4548 pergunt
