3099 5241
1301 466 1804 524 PEDESTRIBUS.
2381 469 2590 525 CXVII

375 662 388 671 ·
504 643 615 707 tali
660 644 887 707 marito
934 643 1211 728 dignam,
1260 663 1426 728 quae
1470 648 1534 709 et
1576 643 1755 709 fortis
1799 644 2094 710 bellatrix
2138 646 2357 710 futura
2401 647 2484 711 sit
2527 649 2590 711 et

505 746 673 812 bona
728 740 1118 832 imperatrix,
1222 747 1452 833 Neque
1507 748 1652 813 ideo
1711 750 1879 813 hanc
1935 749 2272 815 mulierem
2329 769 2590 815 necesse

505 857 603 916 est
658 853 1014 936 viraginem
1075 852 1403 937 quandam
1466 852 1699 918 fuisse:
1770 873 1925 919 cave
1985 855 2160 920 enim
2228 854 2309 919 ad
2362 855 2589 920 vivum

497 957 642 1039 ,ioca
694 975 943 1021 reseces
1001 957 1261 1020 comica.
1354 955 1744 1041 Quanquam
1803 959 1859 1023 si
1920 978 2090 1023 uxor
2143 958 2247 1024 vel
2304 957 2590 1040 Bithyna

504 1062 628 1124 fuit
688 1063 783 1143 (ut
839 1061 1000 1145 ipse)
1061 1069 1175 1125 aut
1241 1066 1409 1126 certe
1475 1060 1765 1145 barbara,
1826 1063 1927 1127 vel
1995 1066 2240 1128 statura
2303 1063 2584 1147 ingenti:

496 1166 685 1248 jocus
752 1166 958 1249 aptior
1022 1170 1085 1229 et
1151 1167 1413 1243 omnino
1494 1166 1613 1230 erit
1677 1167 1918 1231 melior.
2031 1165 2211 1244 Quae
2254 1168 2345 1252 „si
2417 1171 2589 1231 recte

506 1269 849 1352 disputavi,
901 1268 1414 1351 Thrasymachus
1471 1268 1939 1335 Calchedonius
2004 1291 2277 1337 uxorem
2342 1270 2587 1335 habuit.

505 1372 631 1438 Sed
687 1373 769 1437 ad
827 1372 1113 1457 Ephippi
1173 1374 1401 1439 comici
1458 1393 1686 1439 versus
1744 1379 1995 1441 transeo
2055 1396 2155 1460 ap.
2205 1375 2438 1440 Athen.
2486 1374 2590 1438 XI

504 1497 564 1561 p.
610 1479 762 1561 509,
800 1476 878 1540 C:
944 1473 1143 1541 ἔπειτ’
1196 1473 1489 1551 ἀναστὰς
1549 1480 1660 1561 (ita
1703 1479 1867 1544 bene
1907 1479 2249 1544 Jacobsius
2290 1499 2404 1564 pro
2450 1479 2589 1542 ἐπεὶ

503 1578 850 1663 καταστὰς)
896 1578 1199 1668 εὔστοχος
1243 1581 1506 1655 νεανίας
1544 1585 1555 1666 Ι
1594 1589 1725 1647 τῶν
1762 1587 1825 1657 ἐξ
1861 1580 2271 1667 Ἀκαδημίας
2314 1606 2410 1656 τις
2453 1578 2586 1646 ὑπὸ

504 1681 833 1750 Πλάτωνα
880 1686 985 1751 καὶ
1026 1685 1036 1771 Ι
1080 1681 1402 1770 Βρύσωνα
1463 1689 1575 1770 (ita
1629 1693 1799 1754 recte
1844 1687 2103 1753 Grotius
2157 1707 2270 1773 pro
2324 1682 2591 1771 βρύσων

507 1787 591 1873 ὁ),
642 1787 1607 1878 29anthazecolmpeaeepssw'cvwv
1645 1791 1657 1876 Ι
1695 1791 1962 1878 πληγεὶς
2007 1788 2258 1878 ἀνάγκη
2283 1829 2386 1853 —-.
2460 1790 2590 1855 Hic

505 1894 786 1960 Meineki
864 1896 954 1978 (in
1021 1894 1271 1979 Fragm.
1341 1894 1515 1960 Com.
1585 1895 1687 1960 III
1754 1918 1818 1981 p.
1889 1897 2043 1981 332)
2120 1897 2585 1979 conjecturam:

503 1996 1790 2087 Βρυσωνοθρασυμαχειοληψικερμὰτων
1831 2000 2205 2065 Hermanno
2248 2022 2312 2085 p.
2361 2001 2400 2065 8
2445 2019 2589 2084 pro-

505 2102 719 2167 batam
779 2104 895 2187 qui
935 2102 1308 2188 Ephippum
1369 2105 1757 2170 intellexerit
1801 2109 1969 2170 certo
2014 2104 2330 2188 explodet.
2418 2104 2587 2168 Nam

506 2212 569 2271 et
612 2205 720 2270 καί
763 2227 823 2270 v.
869 2209 935 2291 2,
1005 2208 1181 2291 quod
1235 2213 1373 2273 tum
1428 2210 1736 2293 explicari
1789 2209 2039 2293 nequit,
2095 2213 2159 2274 et
2212 2209 2333 2273 1100
2374 2209 2589 2292 ipsum

506 2309 824 2394 Βρυσωνο
888 2350 971 2358 -
1030 2331 1235 2396 aeque
1299 2313 1517 2398 inepta
1584 2316 1757 2397 sunt,
1826 2315 1980 2398 quia
2043 2313 2200 2377 haec
2264 2331 2366 2377 res
2430 2312 2591 2375 nihil

508 2415 750 2480 adtinet
795 2415 877 2479 ad
912 2414 1290 2497 Brysonem.
1381 2417 1471 2481 At
1513 2437 1694 2482 nunc
1735 2420 1805 2482 in
1844 2418 2059 2483 verbis
2101 2412 2237 2481 ὑπὸ
2262 2411 2589 2480 Πλάτωνα

505 2518 611 2581 καὶ
671 2517 680 2603 Ι
740 2514 1068 2601 Βρύσωιά
1143 2525 1313 2586 recte
1389 2521 1631 2587 habent
1695 2529 1758 2587 et
1822 2521 1931 2585 καί
1991 2523 2064 2585 111
2127 2521 2259 2586 fine
2322 2521 2592 2586 trimetri

504 2623 783 2688 locatum
851 2630 914 2690 et
970 2622 1296 2709 Βρύσωνα
1366 2629 1794 2692 accusativus.
1886 2627 1982 2691 Tu
2047 2633 2254 2692 verte:
2326 2625 2590 2709 ,Acade-

504 2730 715 2793 micus
784 2730 898 2816 qui
964 2736 1097 2794 erat
1163 2751 1201 2794 a
1257 2730 1526 2796 Platone
1591 2737 1655 2797 et
1712 2769 1796 2778 —
1858 2733 2006 2816 quis
2074 2732 2334 2796 credat}>
2402 2767 2486 2776 ——
2553 2750 2591 2793 a

505 2832 833 2915 Brysone‘.
923 2833 1263 2919 Ephippus
1305 2837 1574 2901 minime
1630 2839 1726 2919 (ut
1768 2836 2131 2901 Meinekius
2187 2833 2587 2920 opinabatur)

505 2937 627 3001 hoc
672 2938 847 3020 dicit,
891 2936 1252 3020 Brysonem
1298 2940 1543 3005 scholas
1586 2942 1657 3004 in
1701 2942 2051 3006 Academia
2092 2940 2416 3021 habuisse,
2476 2938 2591 3002 sed

504 3040 909 3125 Theopompo
978 3042 1132 3107 Chio
1200 3064 1300 3128 ap.
1346 3043 1579 3109 Athen.
1645 3045 1746 3109 XI
1801 3067 1861 3131 p.
1910 3047 2062 3130 508,
2109 3045 2156 3109 O
2224 3043 2591 3108 adsentiens

506 3145 839 3211 Platonem
894 3152 1025 3211 tam
1069 3149 1305 3213 multos
1348 3148 1631 3231 Brysoni
1675 3151 1959 3235 dialogos
2003 3151 2387 3215 suffuratum
2431 3166 2590 3230 esse,

506 3255 583 3315 ut
626 3252 742 3335 qui
785 3250 1071 3316 Platonis
1118 3253 1475 3337 discipulus
1521 3255 1626 3338 sit,
1680 3257 1852 3321 idem
1907 3257 1993 3321 sit
2037 3254 2370 3337 Brysonis.
2461 3252 2590 3317 Iste

504 3355 702 3440 igitur
764 3356 1194 3421 Academicus
1269 3358 1438 3423 ictus
1516 3360 1773 3424 videtur
1847 3366 1910 3425 et
1987 3361 2174 3445 quasi
2244 3377 2589 3443 percussus

506 3461 882 3526 necessitate
934 3460 1119 3545 lucri,
1189 3463 1364 3546 quod
1417 3465 1641 3529 eodem
1697 3465 1885 3529 modo
1943 3464 2231 3529 fac-turus
2288 3464 2392 3545 sit,
2461 3481 2588 3545 quo

509 3565 660 3629 olim
738 3566 1269 3648 Thrasymachus.
1381 3568 1562 3633 Haec
1641 3576 1858 3634 autem
1932 3569 2015 3633 ad
2091 3566 2590 3632 Calchedonium

507 3676 798 3735 nostrum
860 3674 1050 3737 unice
1107 3678 1415 3757 spectant,
1486 3676 1603 3758 qui
1657 3654 1848 3738 etiam
1900 3675 1972 3737 in
2014 3672 2176 3737 Plat.
2223 3669 2320 3735 De
2377 3689 2508 3753 rep.
2555 3668 2589 3731 I

506 3798 569 3861 p.
602 3777 753 3860 337,
796 3778 877 3862 E,
919 3780 1277 3844 mercedem
1320 3781 1540 3865 exigit.
1631 3779 1999 3865 Exigebant
2029 3780 2242 3842 autem
2273 3774 2590 3857 sophistae

510 3883 594 3947 ad
660 3903 868 3949 unum
934 3903 1188 3968 01111108,
1262 3885 1484 3950 nullus
1560 3885 1825 3950 fortasse
1892 3885 2103 3949 acrius
2170 3886 2232 3948 01
2299 3880 2590 3946 acerbius

507 3991 871 4075 Protagora.
961 3991 1052 4056 At
1093 3991 1429 4077 Ephippus
1488 4011 1573 4057 ne
1628 3991 1917 4076 loquitur
1972 3989 2234 4074 quidem
2293 3988 2372 4051 de
2427 4004 2590 4050 mer-

510 4097 685 4181 cede,
745 4098 853 4161 cui
908 4097 1103 4163 verba
1157 4098 1422 4185 πληγεὶς
1477 4094 1728 4185 ἀνάγκη
1773 4101 2153 4181 repugnant.
2243 4095 2451 4158 Immo
2497 4092 2590 4156 sic

508 4203 785 4287 corrigo:
833 4199 1821 4289 &Quov,1cazetolaetſsrcxep,ceo'cvtwv',
1872 4205 1933 4267 h.
1977 4222 2031 4267 e.
2084 4202 2270 4284 ,ictus
2313 4198 2590 4263 necessi-

509 4311 637 4372 tate
678 4308 1117 4392 numulorum,
1164 4311 1277 4394 qui
1313 4329 1464 4375 eum
1493 4314 1569 4373 ut
1595 4308 2136 4391 Thrasymachum
2168 4302 2585 4370 deficiebant‘.

507 4410 675 4477 Nam
760 4416 837 4478 ut
913 4412 1151 4497 Thrasy
1160 4416 1455 4481 maehum
1540 4418 1858 4500 postremo
1943 4413 2203 4500 inopem
2289 4408 2591 4476 viderunt
