3099 5241
1395 434 1652 486 ΤΙΜΩΝ.
2406 404 2549 475 151

480 603 587 670 καὶ
642 609 852 671 ταῦτα
910 610 1216 693 πατρῷον
1276 603 1451 693 αὐτῷ
1509 605 1700 690 φίλον
1744 601 1933 684 ὄντα,
2000 603 2110 670 καὶ
2152 601 2374 691 μόνον
2416 601 2557 692 οὐχὶ

482 705 806 794 δικράνοις
871 706 1129 785 ἐξεώθει
1182 734 1272 796 με
1327 714 1446 793 τῆς
1506 708 1734 788 οἰκίας,
1797 696 2104 795 καθάπερ
2165 713 2228 776 οἱ
2284 706 2360 776 τὸ
2422 713 2557 794 πῦρ

482 816 547 878 ἐκ
622 818 753 878 τῶν
827 819 1057 901 χειρῶν
1133 810 1716 900 ἀπορριπτοῦντες.
1832 807 2031 890 αὖθις
2098 808 2221 880 οὗν
2286 812 2556 880 ἀπέλθω

479 916 867 1001 παρασίτοις
909 917 1015 983 καὶ
1058 914 1272 993 κόλαξι
1314 917 1419 983 καὶ
1466 920 1507 958 ³*
1554 917 1835 1004 ἑταίραις
1866 914 2558 1004 παραδοθησόμενοςς
2595 932 2692 991 121

480 1017 575 1086 ἐπ’
646 1019 948 1100 ἐκείνους,
1020 1015 1069 1088 ὦ
1125 1022 1289 1100 Ζεῦ,
1361 1022 1592 1107 πέμπε
1654 1046 1744 1108 με
1806 1019 1963 1096 τούς
2021 1020 2559 1107 αἰσθησομένους

478 1128 597 1207 τῆς
641 1121 907 1210 δωρεᾶς,
956 1121 1111 1200 τούς
1152 1125 1610 1211 περιέψοντας,
1662 1122 1759 1201 οἷς
1801 1123 2018 1210 τίμιος
2061 1123 2180 1215 ἐγώ
2224 1125 2330 1191 καὶ
2373 1150 2560 1211 περι·-

480 1226 810 1312 πόθητος.
905 1223 1087 1296 οὗτοι
1143 1229 1214 1297 δὲ
1275 1233 1337 1296 οἱ
1379 1226 1573 1314 λάροι
1612 1235 1697 1318 τῇ
1739 1228 1936 1316 πενίᾳ
1978 1230 2403 1311 ξυνέστωσαν,
2470 1226 2560 1314 ἢν

480 1338 890 1418 προτιμῶσιν
942 1330 1161 1419 ἡμῶν,
1232 1334 1337 1399 καὶ
1399 1332 1720 1419 διφθέραν
1779 1337 1935 1421 παρ’
1992 1332 2196 1420 αὐτῆς
2249 1330 2561 1421 λαβόντες

479 1437 587 1502 καὶ
677 1435 968 1505 δίκελλαν
1055 1435 1504 1526 ἀγαπάτωσαν
1593 1436 1816 1504 ἄθλιοι
1892 1439 2204 1523 τέτταρας
2284 1435 2560 1524 ὀβολοὺς

483 1537 948 1626 ἀποφέροντες,
1011 1545 1074 1608 οἱ
1130 1539 1647 1617 δεκαταλάντους
1691 1540 1934 1628 δωρεάς
1978 1539 2289 1627 ἀμελλητὶ
2332 1541 2560 1627 προϊέ-

480 1668 696 1730 μενοι.
793 1647 896 1712 13.
951 1646 1222 1713 ΖΕΥΣ.
1276 1644 1470 1713 οὐδὲν
1514 1645 1610 1712 ἔτι
1651 1652 1956 1714 τοιοῦτον
2001 1644 2038 1712 ὃ
2094 1645 2324 1732 Τίμων
2369 1641 2561 1733 ἐργά-

484 1772 664 1815 σεται
715 1750 865 1834 περὶ
922 1749 1015 1816 σέ·
1085 1746 1269 1817 πάνυ
1323 1747 1448 1839 γάρ
1506 1747 1712 1817 αὐτὸν
1751 1747 1794 1835 ἦ
1842 1748 2091 1816 δίκελλα
2133 1745 2560 1837 πεπαιδαγώ-

478 1875 698 1940 γηκεν,
770 1857 831 1920 εἰ
881 1849 980 1940 μοὶ
1039 1851 1473 1922 παντάπασιν
1532 1851 1892 1944 ἀνάλγητός
1946 1858 2079 1920 ἐστι
2135 1851 2257 1939 τῆν
2317 1851 2551 1940 ὀσφῦν,

479 2044 800 2105 PRAosm,
834 2048 890 2100 et
922 2046 1001 2101 ita
1035 2047 1169 2101 citat
1202 2047 1388 2113 Faber,
1422 2047 1667 2102 fortassis
1704 2065 1733 2102 e
1769 2047 1884 2102 eod.
1922 2047 2182 2102 Parisino,
2333 2041 2556 2115 χειρῶν]

480 2131 678 2198 τειχῶν
712 2133 778 2188 U.
934 2132 1177 2202 ἑταίροις
1208 2135 1304 2200 Yc‚
1357 2134 1452 2189 sed
1498 2135 1628 2188 libri
1672 2151 1851 2189 omnes
1890 2132 2108 2203 (diserte
2140 2132 2263 2202 AO)
2313 2132 2560 2204 ἑταίραις

480 2234 601 2272 oum
634 2218 958 2290 Aleiphrone
991 2220 1095 2286 111,
1130 2222 1214 2286 34,
1251 2223 1344 2291 qui
1379 2223 1479 2276 sio:
1534 2219 1833 2290 σπαθήσας
1863 2219 1918 2290 (ὁ
1960 2219 2168 2290 Τίμων)
2213 2220 2317 2288 τὴν
2364 2217 2561 2274 οὐσίαν

482 2299 559 2363 εἷς
592 2303 740 2374 ἡμᾶς
770 2306 901 2363 τοὺς
931 2310 1274 2376 παρασίτους
1308 2315 1402 2362 καὶ
1434 2307 1536 2365 τὰς
1571 2307 1792 2377 ἑταίρας
1825 2338 1911 2361 --.
1988 2307 2130 2364 favet
2161 2309 2322 2363 etiam
2348 2308 2558 2385 Aristo-

479 2392 697 2462 phanes,
735 2395 828 2463 qui
861 2394 926 2449 de
962 2395 1180 2450 Timone
1213 2399 1397 2450 nostro
1429 2396 1489 2450 in
1521 2396 1751 2466 Lysistr.
1787 2415 1835 2451 v.
1860 2399 1991 2454 820:
2024 2395 2179 2451 ταῖσι
2215 2391 2277 2449 δὲ
2310 2391 2560 2465 γυναιξὶν

478 2469 551 2547 ἦν
586 2476 864 2549 φίλτατος.
1007 2485 1192 2551 πέμπε
1227 2482 1323 2551 με]
1358 2502 1428 2551 με
1465 2500 1551 2537 om
1576 2487 1640 2537 Ψ.
1787 2477 2251 2550 αἰσθησομένους]
2290 2474 2559 2534 αἰσθανο-

479 2569 678 2636 μένους
711 2568 775 2624 R.
914 2568 1043 2627 τοὺς
1078 2559 1141 2624 εὖ
1173 2573 1548 2642 περιέψοντας
1582 2569 1816 2626 Cobetus
1850 2571 1916 2627 V.
1936 2571 1998 2628 L.
2028 2572 2222 2641 p.222‚
2257 2567 2399 2639 quod
2432 2584 2558 2623 sane

480 2672 589 2709 non
621 2656 797 2711 minus
846 2659 931 2711 est
974 2659 1217 2714 atticum.
1286 2661 1345 2713 at
1389 2661 1639 2727 περιέποι
1695 2661 1750 2713 et
1793 2658 2062 2729 poeticum
2109 2654 2375 2726 ἀμφέπω·
2400 2655 2559 2710 etiam

480 2743 723 2798 absolute
756 2746 1042 2814 ponuntur,
1089 2747 1167 2799 ita
1218 2749 1282 2800 ut
1313 2746 1576 2801 utrumvis
1617 2746 1693 2800 sit
1727 2745 1927 2812 ‚colere,
1961 2745 2268 2799 observare‘.
2337 2743 2416 2796 ita
2447 2741 2558 2796 Xe-

478 2830 695 2899 nophon
728 2832 1013 2887 Memorab.
1051 2832 1126 2898 11,
1162 2836 1210 2899 9,
1248 2838 1306 2889 5:
1353 2830 1505 2902 μάλα
1540 2835 1834 2902 περιεῖπεν
1871 2828 2040 2885 αὐτόν
2085 2834 2140 2885 et
2172 2830 2437 2886 Pindarus
2474 2827 2557 2883 Ol.

478 2917 575 2982 VI,
610 2921 706 2974 95:
754 2916 1006 2988 ἀμφέπει
1039 2917 1331 2991 Δάματρα.
1477 2916 1541 2974 οἱ
1568 2916 1758 2989 λάροι]
1794 2915 1859 2972 οἵ
1884 2914 2075 2989 λάριοι
2108 2917 2156 2973 P
2191 2919 2246 2971 et
2290 2913 2556 2978 ξυνέστιο-

482 3022 600 3056 σαν.
748 3003 1121 3075 ἀγαπάτωσαν
1156 3024 1242 3061 om
1280 3010 1342 3059 0.
1490 3003 1708 3076 ἄθλιοι]
1741 2997 1921 3060 ἆθλον
1945 3006 2009 3058 Ψ.
2154 2999 2555 3071 ἀποφέροντες]

481 3107 615 3161 quae
630 3093 1069 3148 Hemsterhusius
1105 3094 1408 3150 adolescens
1445 3094 1510 3148 de
1527 3095 1583 3149 h.
1604 3087 1638 3148 I.
1658 3094 1876 3163 scripsit
1908 3093 1968 3146 in
1984 3090 2240 3147 Anecdot.
2258 3107 2310 3159 p.
2330 3091 2555 3153 49—53,

481 3194 544 3232 ea
575 3178 635 3232 in
669 3179 908 3245 Quaestt.
946 3181 1008 3237 L.
1046 3180 1222 3237 Praef.
1269 3200 1321 3252 p.
1358 3182 1461 3236 XV
1497 3198 1576 3251 sq.
1645 3179 1889 3236 refutavi.
2026 3177 2197 3232 schol.
2234 3176 2556 3231 Vossianus:

479 3266 833 3334 προιέμεναι]
874 3263 1150 3335 ἀμεληταί
1181 3267 1318 3337 (sio),
1353 3268 1495 3339 quod
1530 3267 1661 3338 quid
1695 3268 1803 3321 sibi
1834 3266 1978 3332 velit,
2012 3264 2189 3319 videre
2206 3281 2264 3318 se
2280 3263 2555 3317 Hemster·

479 3350 668 3406 husius
703 3355 879 3421 negat.
952 3371 1138 3425 nempe
1173 3356 1299 3410 olim
1345 3355 1606 3424 seriptum
1637 3353 1838 3409 fuerat:
1884 3354 2233 3422 προιέμεναι.
2281 3368 2369 3420 γρ.
2419 3346 2554 3415 ἀμε-

480 3434 602 3503 λητὶ
636 3443 985 3507 προιέμεναι.
1058 3442 1118 3495 in
1151 3442 1329 3513 aliquo
1364 3441 1544 3497 oodioe
1579 3440 1664 3510 (ut
1696 3442 1755 3495 in
1787 3442 1992 3495 Veneto
2032 3436 2100 3507 Ψ)
2136 3440 2259 3492 ante
2286 3437 2554 3505 προιέμε-

480 3543 571 3577 νοι
605 3526 857 3581 omissum
890 3529 1006 3581 erat
1041 3525 1291 3596 ἀμελητί,
1332 3529 1473 3600 quod
1508 3546 1572 3583 ex
1606 3529 1709 3583 alio
1743 3526 1925 3582 codice
1960 3525 2126 3580 schol.
2165 3523 2393 3594 supplet.
2429 3521 2556 3575 libri

479 3614 657 3666 autem
689 3613 797 3667 sio:
832 3611 1104 3682 ἀμεληταὶ
1140 3616 1306 3671 schol.
1342 3617 1517 3681 Voss,
1555 3611 1786 3684 ἀμελητὶ
1820 3614 1968 3670 ΡΒΩ
2002 3615 2058 3667 et
2089 3630 2136 3677 v,
2172 3610 2268 3666 sed
2291 3614 2348 3662 Ψ
2373 3625 2459 3662 om
2490 3624 2557 3677 pr

479 3714 532 3752 m
568 3701 624 3752 et
657 3715 747 3754 sec
779 3716 834 3754 m
868 3718 1028 3772 supra
1060 3702 1226 3757 habet
1262 3698 1511 3771 ἀμελητί,
1562 3702 1789 3773 denique
1839 3696 2102 3770 ἀμελλητὶ
2135 3698 2257 3756 ΑΩς
2293 3692 2551 3765 (diserte).

480 3787 537 3839 et
567 3786 648 3839 ita
679 3803 820 3841 nunc
854 3788 1063 3842 Bekker
1096 3789 1267 3844 edidit
1300 3807 1501 3861 egoque
1541 3790 1653 3860 jam
1696 3788 1823 3843 olim
1868 3788 1948 3842 sio
1979 3786 2244 3841 volueram
2277 3785 2334 3838 et
2366 3783 2553 3836 eontu-

478 3870 642 3926 leram
675 3872 781 3928 alia
813 3876 876 3927 ut
908 3874 1044 3929 illud
1071 3876 1131 3929 in
1158 3877 1324 3933 Bekk.
1359 3876 1563 3932 Anecd.
1597 3893 1651 3946 p.
1690 3878 1812 3942 387,
1851 3877 1941 3930 12:
1991 3867 2276 3942 ἀμελλητί·
2315 3866 2552 3936 ἀνυπερ-

478 3959 674 4015 θέτως.
833 3963 1182 4032 προϊέμενοι]
1225 3966 1535 4035 προέμενοι
1584 3964 1669 4018 vel
1720 3963 2052 4030 προειμένοι
2097 3956 2341 4014 Sti-uvius
2387 3955 2451 4011 L.
2487 3954 2551 4009 L.

477 4062 531 4114 p,
566 4048 686 4101 231.
757 4049 816 4102 at
852 4043 913 4100 οἱ
939 4052 1271 4120 προιέμεναι
1304 4052 1412 4107 vim
1443 4051 1609 4105 habet
1641 4047 1981 4105 substantivi.

778 4131 994 4188 τσῦτων

620 4206 702 4259 13.
771 4205 1032 4260 τοιοῦτον
1064 4206 1129 4262 Ρ.
1292 4206 1323 4259 ὁ
1365 4210 1555 4277 Τίμων
1602 4203 1915 4279 ἐργάσεται]
1965 4203 2259 4278 ἐργάσεται
2300 4207 2330 4262 ὁ
2376 4210 2554 4278 τίμων

476 4294 522 4343 0
558 4291 660 4361 (ita
694 4290 780 4361 Ο).
937 4290 1233 4364 ἐργάσεται
1264 4301 1395 4366 περὶ
1435 4295 1517 4365 σέ]
1555 4312 1676 4352 vore
1708 4297 1933 4351 atticum
1967 4298 2077 4351 est:
2130 4293 2426 4367 ἐργάσεταί
2469 4315 2548 4350 σε.

479 4377 547 4434 of.
584 4379 792 4436 Mehler
824 4382 1080 4437 Mnemos.
1114 4381 1146 4436 I
1178 4399 1231 4452 p.
1266 4385 1386 4441 407.
1539 4380 1723 4453 ὀσφῦν
1755 4383 1807 4439 A
1838 4400 1935 4455 pro
1971 4381 2151 4453 ὀσφύν
2184 4385 2242 4438 et
2274 4382 2459 4437 statim
2494 4380 2555 4435 οἱ
