3099 5241
524 412 879 471 LXXXVIII
1329 413 1426 469 ΒΕ
1480 413 1809 471 ΝΠΜΕΒΙΒ

527 599 592 660 et
645 594 846 658 unius
905 591 1377 673 Demosthenis,
1431 592 1522 656 ita
1581 611 1713 657 non
1769 611 1975 677 pauca
2040 612 2422 678 magnorum
2484 612 2620 659 ora-

525 704 738 763 torum
785 698 1028 763 scimus
1072 697 1442 761 communia
1486 715 1642 763 esse.
1743 698 1971 762 Alium
2014 716 2165 762 vero
2211 697 2293 762 de
2338 697 2619 763 dictione

525 803 1033 884 Thrasymachea
1108 801 1326 865 locum
1395 796 1697 883 Dionysii
1760 799 1910 867 Hal.
1977 800 2100 882 (De
2143 801 2230 864 Vi
2295 799 2619 866 Demosth.

533 927 584 974 c.
630 908 694 989 3)
741 907 1000 992 adparet
1040 906 1245 970 multo
1290 925 1430 972 esse
1477 907 1851 991 graviorem.
1941 906 2230 971 Primum
2289 906 2398 970 ille
2442 903 2635 986 (ibid.·

534 1030 589 1075 c.
628 1012 687 1092 1)
717 1030 926 1096 genus
958 1009 1214 1076 dicendi
1255 1009 1561 1075 describit
1593 1030 1632 1074 a
1661 1012 1990 1075 communi
2020 1030 2311 1075 sermone
2340 1010 2620 1076 alienum

530 1120 595 1179 et
641 1112 908 1179 artificio
951 1113 1217 1198 plenum
1276 1115 1611 1197 rhetorico,
1675 1117 1864 1199 cujus
1920 1115 2172 1199 generis
2235 1116 2419 1199 quasi
2473 1132 2621 1178 nor·

530 1236 701 1282 mam
751 1218 1076 1301 quandam
1123 1224 1187 1283 et
1228 1219 1521 1302 regulam
1567 1221 1867 1304 proponit
1894 1218 2355 1302 Thucydidem.
2445 1217 2622 1282 Huic

532 1322 834 1406 deinceps
878 1319 959 1406 (c.
1007 1323 1071 1403 2)
1117 1324 1392 1407 simplex
1436 1323 1695 1388 dicendi
1739 1343 1947 1409 genus
2008 1324 2277 1408 opponit
2332 1327 2395 1388 et
2449 1341 2621 1386 com-

530 1427 718 1491 muni
761 1426 1071 1491 locutioni
1116 1427 1342 1511 simile,
1388 1428 1565 1513 quod
1611 1428 1691 1492 ab
1738 1427 1932 1511 Lysia
1971 1429 2220 1512 judicat
2261 1427 2620 1512 perfectum

532 1550 690 1597 esse.
781 1530 1110 1596 Postremo
1154 1529 1234 1614 (c.
1283 1534 1346 1614 3)
1392 1533 1680 1597 medium
1724 1552 1933 1617 genus
1977 1537 2040 1598 et
2083 1552 2167 1597 ex
2210 1532 2313 1596 his
2360 1531 2619 1596 duobus

534 1637 956 1721 compositum
1025 1636 1208 1702 docet
1274 1638 1394 1702 hoc
1457 1636 1763 1702 habuisse
1788 1687 1803 1717 ,
1868 1642 1944 1703 ut
2008 1657 2187 1701 nunc
2251 1638 2621 1722 percelleret

533 1745 813 1807 mentem
857 1761 1037 1807 nunc
1083 1741 1485 1824 demulceret,
1542 1745 1616 1805 ut
1660 1747 1723 1806 et
1768 1741 2175 1806 vehementes
2235 1746 2451 1807 motus
2509 1761 2622 1806 ex-

536 1847 730 1910 citare
796 1851 1012 1930 posset
1078 1850 1142 1910 et
1207 1845 1385 1910 lenes
1452 1846 1717 1911 affectus
1784 1847 1998 1909 animo
2063 1847 2411 1911 insinuare.
2524 1844 2621 1911 De

538 1952 727 2034 cujus
786 1952 991 2035 primo
1048 1951 1384 2014 inventore
1438 1952 1529 2015 ita
1584 1951 1903 2034 loquitur:
1972 1947 2054 2030 ἢν
2103 1945 2138 2011 ὁ
2184 1953 2313 2031 μὲν
2366 1956 2621 2035 nonime

535 2050 1008 2137 ἁρμοσάμενος
1074 2053 1178 2116 καὶ
1253 2049 1671 2135 καταστήσας
1743 2055 1833 2126 εἰς
1889 2048 2006 2117 τὸν
2064 2059 2186 2117 νῦν
2241 2049 2620 2140 ὑπάρχοντα

535 2154 813 2239 κόσμον,
844 2159 991 2222 νεῖιε
1043 2152 1487 2243 Θρασύμαχος
1534 2155 1569 2221 ὁ
1623 2153 2074 2245 Καλχηδόνιος
2117 2152 2227 2240 ἦν,
2287 2154 2622 2237 caesaram

544 2244 993 2345 Θεόφραστος,
1044 2263 1170 2326 εἴτε
1216 2258 1405 2334 ἄλλος
1447 2285 1565 2337 τις,
1620 2258 1735 2325 οὐκ
1776 2265 1890 2348 ἔχω
1921 2261 2124 2348 λέγειν
2156 2301 2263 2345 -—-,
2308 2282 2439 2327 non
2484 2264 2623 2328 sine

541 2366 781 2432 absona
828 2366 1247 2433 dubitatione.
1337 2365 1400 2430 N
1402 2387 1505 2430 am
1548 2365 1905 2448 Dionysius
1951 2387 2033 2431 ne
2076 2372 2323 2451 poterat
2362 2367 2625 2452 quidem

536 2473 705 2536 hanc
745 2491 879 2537 rem
926 2472 1106 2553 scire,
1148 2469 1655 2555 Theophrastum
1700 2476 1916 2536 autem
1971 2476 2148 2536 tanto
2206 2476 2354 2537 ante
2399 2472 2623 2537 eadem

538 2577 734 2643 latere
762 2578 879 2641 vix
921 2580 1181 2662 poterat.
1270 2574 1441 2640 Illud
1485 2581 1701 2641 tamen
1745 2577 1982 2660 optime
2025 2574 2384 2659 Dionysius
2428 2576 2624 2660 addit,

542 2682 829 2747 medium
895 2701 1104 2766 genus
1169 2681 1249 2745 ab
1316 2680 1595 2745 Isocrate
1661 2687 1724 2744 et
1787 2680 2057 2746 Platone
2124 2687 2499 2767 susceptum
2565 2689 2628 2745 et

539 2787 864 2871 praeclare
930 2785 1286 2867 excultum,
1354 2784 1434 2849 ab
1493 2783 1922 2850 Demosthene
1989 2790 2205 2851 autem
2271 2787 2459 2871 plane
2518 2784 2627 2849 ab·

543 2891 829 2957 solutum
890 2909 1029 2956 esse
1089 2894 1153 2955 et
1211 2889 1594 2974 perfectum,
1655 2890 1936 2974 denique
2003 2890 2085 2954 ad
2147 2892 2355 2976 ipsius
2395 2908 2628 2975 ⁴usque

540 2995 843 3077 Dionysii
888 2999 1172 3079 tempora
1214 2994 1521 3058 traditum
1568 3012 1709 3059 esse
1766 2999 1829 3066 et
1884 3014 2134 3080 semper
2186 3000 2623 3081 propagatum.

541 3102 640 3166 Ita
704 3104 1084 3185 repertorem
1151 3098 1261 3163 alii
1324 3103 1545 3182 postea·
1611 3103 1685 3163 ut
1748 3097 1932 3162 Plato
2009 3103 2085 3162 ut
2166 3097 2627 3164 Demosthenes

543 3205 717 3271 haud
784 3203 979 3268 dubie
1045 3208 1462 3287 superarunt:
1531 3203 1695 3267 nihil
1753 3209 1971 3268 autem
2029 3224 2162 3268 uno
2222 3210 2505 3289 tempore
2566 3211 2630 3270 et

548 3312 892 3375 inventum
973 3312 1070 3373 est
1145 3311 1209 3373 et
1275 3308 1648 3392 perfectum.
1762 3308 2060 3373 Ceterum
2123 3309 2629 3390 Thrasymachus

547 3415 740 3497 longe
783 3414 1101 3498 optimum
1147 3411 1402 3476 dicendi
1444 3432 1652 3496 genus
1695 3432 1827 3477 non
1873 3412 2084 3477 solum
2144 3412 2457 3496 abhibuit,
2516 3412 2630 3478 sed

544 3521 684 3604 ipse
730 3518 1021 3582 omnium
1065 3518 1313 3602 primus
1356 3517 1610 3581 invenit
1653 3519 2065 3601 caeterisque,
2127 3518 2240 3602 qui
2284 3536 2352 3581 se
2397 3515 2629 3580 ducem

549 3627 987 3707 sequerentur,
1031 3623 1203 3686 viam
1258 3622 1654 3685 monstravit.
1746 3622 1872 3687 Sed
1915 3620 2293 3704 DionysiuS,
2347 3625 2423 3686 ut
2479 3640 2629 3684 con-

549 3728 792 3810 suevit,
872 3728 978 3792 hic
1046 3722 1306 3812 quoque
1372 3726 1655 3810 aliquem
1722 3726 2092 3812 speciminis
2159 3746 2353 3790 causa
2414 3725 2630 3789 locum

547 3831 938 3898 verbotenus
984 3833 1161 3899 affert
1218 3835 1506 3896 sumtum
1549 3830 1736 3895 illum
1793 3830 2058 3916 quidem
2101 3850 2137 3896 e
2178 3830 2631 3912 Thrasymachi

548 3936 987 4003 concionibus.
1090 3935 1298 4014 Quem
1357 3937 1477 4000 etsi
1540 3955 1730 4020 saepe
1788 3935 2176 4002 mendosum
2232 3940 2296 4001 et
2354 3934 2631 4001 subinde

550 4042 850 4107 mutilum
919 4062 1058 4109 esse
1126 4040 1436 4123 dolemus,
1503 4045 1720 4105 tamen
1784 4040 2033 4106 Reiskii
2099 4047 2163 4106 et
2228 4041 2321 4123 (in
2378 4036 2627 4124 Fragm.

553 4146 720 4211 Orat.
765 4151 872 4211 att.
917 4167 979 4231 p.
1030 4147 1180 4229 163)
1225 4145 1494 4229 Sauppii
1553 4148 1851 4212 acumine
1910 4147 2000 4212 ita
2048 4146 2277 4218 saltem
2330 4146 2436 4211 vel
2493 4164 2631 4209 cor·

549 4256 763 4317 rectus
827 4256 926 4317 est
966 4251 1074 4315 vel
1134 4250 1492 4335 suppletae,
1551 4255 1627 4314 ut
1683 4250 1849 4317 bene
1906 4251 2036 4337 legi
2088 4252 2293 4336 possit
2343 4255 2409 4317 et
2462 4255 2630 4314 certo

550 4340 855 4439 intellegi.
948 4352 1295 4440 Quumque
1338 4353 1509 4420 idem
1556 4355 1750 4440 paulo
1791 4355 2042 4441 longior
2085 4357 2188 4439 sit,
2233 4359 2411 4422 totus
2463 4356 2632 4441 ejus-
