3099 5241
668 463 795 528 140
1447 536 1458 549 ο
1479 465 1938 518 Aornszor

661 632 1098 720 ἐπαιρόμενος
1150 643 1231 722 τῇ
1278 633 1435 725 τύχῃ
1479 639 1585 703 καὶ
1635 643 1892 722 σεμνῶς
1935 638 2316 723 προβαίνων
2362 637 2474 703 καὶ
2534 634 2796 703 ἑαυτὸν

662 736 1053 818 ἐξυπτιάζων
1106 741 1213 805 καὶ
1255 739 1409 816 τοίς
1454 740 1966 831 ἐντυγχάνοντας
2010 739 2402 826 ἐκπλήττων.
2509 740 2676 806 ἐπεὶ
2726 738 2797 805 δὲ

662 841 1027 920 ἀπέθανεν,
1103 842 1301 919 αὐτὸς
1366 871 1437 911 τε
1501 848 1892 936 παγγέλοιος
1961 844 2155 931 ὤφθη
2224 871 2345 929 μοι
2407 841 2802 911 ἀποδυσά-

660 966 884 1033 μενος·
930 945 1056 1032 τὴν
1120 947 1399 1034 τρυφήν,
1480 949 1824 1036 κάμαυτοῦ
1895 954 1987 1016 ἔτι
2053 951 2303 1035 μᾶλλον
2371 950 2792 1038 κατεγέλων,

664 1049 811 1118 οἷον
855 1050 1175 1137 κάθαρμα
1221 1051 1599 1138 ἐτεθήπειν,
1652 1051 1788 1120 ἀπὸ
1826 1062 1944 1138 τῆς
1981 1056 2205 1138 κνίσης
2235 1051 2799 1141 τεκμαιρόμενος

664 1156 873 1224 αὐτοῦ
938 1156 1064 1241 τήν
1118 1156 1549 1245 εὐδαιμονίαν
1606 1157 1719 1223 καὶ
1773 1161 2151 1245 μακαρίζων
2205 1160 2312 1224 ἐπὶ
2370 1166 2460 1245 τῷ
2535 1163 2795 1243 αὶζαατι

661 1268 796 1328 τῶν
840 1265 912 1326 ὲν
952 1267 1034 1349 τῇ
1070 1256 1419 1351 Λακωνικῇ
1465 1259 1768 1351 θαλάττῃ
1814 1262 2140 1352 κοχλίδων.
2241 1266 2341 1330 17.
2413 1261 2487 1328 οὗ
2547 1258 2835 1361 μόνον.

664 1367 734 1433 δὲ
798 1375 1074 1444 τοῦτον,
1163 1366 1320 1431 ἀλλά
1405 1368 1510 1432 καὶ
1590 1365 1710 1432 τὸν
1788 1365 2134 1452 δανειστὴν
2201 1365 2523 1452 Γνίφωνα
2625 1361 2795 1430 ἰδών

665 1471 979 1537 στένοντα
1045 1473 1153 1538 καὶ
1211 1468 1849 1560 μεταγιγνώσκοντα,
1924 1472 2024 1537 ὅτι
2077 1468 2174 1556 μή
2241 1470 2589 1538 ἀπέλαυσε
2653 1474 2796 1534 τῶν

659 1572 1047 1664 χρημάτων,
1134 1575 1269 1642 ἀλλ’
1344 1574 1657 1664 ἄγευστος
1726 1573 1942 1641 αὐτῶν
2007 1574 2310 1642 ἀπέθανε
2374 1581 2464 1662 τῷ
2537 1571 2790 1650 ἀσώτῳ

649 1676 1023 1768 “Ροδοχάρει
1075 1678 1200 1765 τήν
1260 1670 1512 1747 οὐσίαν
1547 1676 1944 1758 καταλιπών,
2018 1674 2238 1766 (οὗτος
2300 1677 2426 1769 γάρ
2488 1678 2788 1767 ἄγχιστα

663 1777 750 1867 ἦν
817 1782 986 1864 αὐτῷ
1047 1785 1276 1872 γένους
1344 1784 1450 1850 καὶ
1518 1792 1777 1879 πρῶτος
1835 1786 1942 1850 ἐπὶ
1999 1781 2120 1850 τὸν
2179 1788 2417 1870 κλῆρον
2473 1789 2785 1850 ἐκαλεῖτο

664 1886 826 1953 κατὰ
871 1886 987 1953 τὸν
1034 1887 1275 1978 νόμον)
1321 1889 1436 1957 οὐκ
1477 1888 1644 1978 εἶχον
1682 1890 1860 1963 ὅπως
1894 1886 2293 1956 καταπαύσω
2329 1886 2446 1955 τὸν
2479 1889 2776 1977 γέλωτα,

666 2133 717 2185 p.
737 2121 805 2175 56
828 2117 1071 2187 mihique
1105 2117 1286 2184 inQu.
1308 2118 1368 2173 L.
1390 2135 1438 2186 p.
1464 2123 1559 2176 151
1589 2118 1732 2172 recte
1768 2118 2109 2187 perspectum
2147 2132 2329 2170 sanare
2363 2132 2474 2170 non
2508 2111 2775 2181 contigit,

664 2204 725 2257 in
747 2219 810 2258 eo
829 2204 1059 2260 vertitur
1082 2205 1225 2274 quod
1248 2207 1369 2259 ante
1390 2203 1627 2258 καλλίων
1643 2204 1774 2260 falso
1796 2205 1947 2258 deest
1963 2202 2268 2272 genetivus,
2303 2203 2358 2256 et
2372 2196 2779 2256 Hemsterhusi

666 2284 886 2361 quidem
904 2280 1230 2362 conjectura:
1252 2290 1535 2346 κολοσσῶν
1554 2290 1919 2362 ὑψηλότερος,
1943 2289 2156 2359 quaml.
2177 2289 2212 2342 1.
2234 2289 2553 2344 conlaudavi
2572 2286 2773 2341 eodem

663 2379 1001 2434 incommodo
1049 2380 1337 2450 premitur,
1391 2396 1453 2434 ac
1502 2378 1553 2433 si
1604 2378 1728 2447 quis
1775 2376 1966 2432 Horati
2012 2376 2129 2431 loco
2179 2374 2374 2446 (Car-m.
2410 2375 2511 2444 ΠΙ,
2562 2380 2660 2442 30,
2713 2374 2772 2440 2)

664 2466 889 2521 abutens
914 2466 1145 2521 scribere
1171 2467 1331 2522 velit:
1359 2463 1690 2539 ,πυραμίδσυ
1729 2463 2092 2535 ὑψηλότερος.
2144 2463 2346 2517 etenim
2368 2479 2466 2517 rex
2487 2462 2540 2515 h.
2567 2461 2610 2515 l.
2640 2474 2769 2514 cum

664 2552 789 2607 aliis
823 2553 1138 2608 hominibus
1175 2556 1561 2625 comparandus
1598 2554 1697 2623 est,
1733 2569 1842 2607 non
1865 2568 1993 2605 cum
2013 2549 2392 2604 monumentis.
2449 2548 2626 2602 immo
2663 2546 2768 2599 hoc

664 2641 864 2710 ipsum,
901 2641 1045 2710 quod
1080 2642 1237 2696 uncis
1272 2641 1546 2697 inclusum
1583 2659 1745 2711 supra
1779 2639 1986 2695 inserui
2017 2642 2340 2692 ΠΑΝΤΩΝ
2362 2639 2484 2691 ante
2517 2632 2769 2689 καλλίων

666 2727 939 2782 excidisse
987 2729 1182 2797 quovis
1229 2729 1448 2798 pignore
1497 2729 1878 2785 contenderim.
1963 2726 2044 2781 sic
2093 2742 2306 2796 quoque
2351 2725 2529 2778 manet
2574 2722 2765 2778 virum

666 2831 940 2869 summum
974 2831 1025 2883 p.
1064 2820 1133 2874 56
1170 2815 1235 2868 de
1270 2817 1451 2870 verbis
1486 2824 1785 2885 μονονουχὶ
1821 2813 2057 2868 καλλίων
2099 2813 2299 2883 optime
2338 2812 2419 2866 sic
2448 2811 2764 2881 judicasse:

665 2902 739 2955 in
783 2902 893 2957 his
941 2902 1216 2956 vitium.
1323 2902 1469 2957 hunc
1516 2905 1693 2960 tamen
1738 2904 1793 2956 h.
1831 2903 1866 2956 l.
1902 2901 2101 2972 reliqui
2149 2900 2330 2955 critici
2375 2898 2576 2952 audent
2626 2894 2761 2950 adeo

667 2990 1022 3058 contemnere,
1058 2991 1122 3044 ut
1155 2989 1295 3043 mihi
1330 2990 1426 3059 qui
1460 2990 1620 3045 illum
1655 3007 1797 3044 unus
1823 2992 2043 3045 secutus
2071 2989 2273 3044 vitium
2296 2987 2537 3043 dixeram
2569 2984 2760 3049 latere,

665 3092 821 3131 nemo
846 3076 1149 3131 crediderit.
1204 3078 1471 3146 postremo
1496 3080 1617 3132 ante
1643 3081 2008 3147 κατεφαίνετο
2030 3076 2192 3131 multi
2217 3076 2369 3131 codd.
2388 3075 2532 3128 recte
2549 3069 2759 3127 addunt

666 3185 768 3234 μοι
803 3164 966 3234 vulgo
1004 3164 1285 3232 omissum,
1322 3165 1388 3218 de
1424 3182 1529 3234 quo
1566 3165 1692 3219 vide
1728 3164 1978 3234 inprimis
2014 3163 2214 3219 Piscat.
2253 3180 2298 3217 c.
2335 3168 2404 3221 32
2440 3162 2578 3216 med.

667 3254 734 3326 τῇ
789 3252 941 3326 τύχῃ]
1002 3253 1068 3327 τῇ
1129 3254 1270 3328 ψυχῇ
1330 3252 1493 3307 &Aa
1705 3252 2051 3322 προβαίνων]
2118 3254 2481 3321 προσβαίνων
2533 3245 2751 3307 ἩΦῈῺ.

841 3346 935 3391 καὶ
970 3338 1170 3392 ἑαυτὸν
1207 3339 1350 3397 919F
1382 3340 1438 3393 et
1472 3358 1526 3408 v,
1563 3346 1656 3392 καὶ
1692 3339 1863 3392 αὑτὸν
1886 3340 1953 3407 A,
1983 3346 2084 3404 ,καὶ
2120 3336 2490 3409 (01η,ἑαυτὸν)
2529 3341 2598 3394 Φ.

668 3426 790 3495 post
826 3424 1140 3494 ἐκπλήττων
1167 3425 1233 3482 in
1268 3428 1481 3481 textum
1514 3426 1641 3481 libri
1683 3432 1733 3479 Φ
1768 3427 2042 3481 intrusum
2088 3427 2173 3480 est
2221 3425 2495 3481 scholium
2528 3423 2753 3480 Vossia-

665 3529 800 3566 num
846 3512 956 3568 Sic:
1008 3511 1328 3568 ἀντιτείνων
1375 3515 1474 3567 τὸν
1518 3514 1796 3586 τράχηλον
1841 3522 1936 3568 καὶ
1981 3514 2111 3573 τοὺς
2162 3510 2338 3573 ἰδίους
2373 3511 2560 3582 ὤμους
2590 3531 2753 3580 περι·

669 3600 1064 3669 σκοπούμενος,
1106 3600 1244 3671 ὅπερ
1286 3600 1402 3656 ἐστι
1435 3602 1685 3673 γαυριῶν
1720 3610 1814 3656 καὶ
1852 3600 2224 3671 ὑπερηφάνως
2256 3601 2600 3670 περιπατῶν,
2636 3602 2754 3654 tum

667 3688 923 3744 continuo
983 3690 1284 3758 sequuntur
1334 3689 1563 3745 Luciani
1617 3689 1805 3745 verba:
1873 3688 2066 3758 ἐπειδὴ
2127 3688 2257 3761 (sic)
2314 3686 2373 3743 δὲ
2444 3688 2746 3743 ἀπέθανεν.

667 3775 923 3831 VOSSiani
959 3776 1144 3831 verba:
1182 3784 1275 3829 καὶ
1309 3777 1374 3830 τὸ
1416 3779 1626 3844 στῆθος
1658 3776 2118 3849 προβαλλόμενος
2154 3776 2271 3846 ἅμα.
2309 3782 2360 3830 Φ
2396 3775 2611 3831 omnino
2648 3788 2753 3829 non

665 3862 843 3931 habet,
893 3880 1027 3933 quae
1074 3863 1134 3918 in
1179 3864 1286 3918 fine
1333 3864 1576 3933 ejusdem
1624 3864 1821 3920 scholii
1856 3865 1915 3919 in
1950 3866 2066 3920 cod.
2101 3864 2350 3919 Parisino
2384 3863 2638 3933 leguntur
2669 3876 2747 3928 ap-

666 3949 1071 4005 Bachmannum
1123 3952 1323 4005 Anecd.
1372 3951 1429 4006 Π
1474 3969 1525 4022 p.
1576 3957 1681 4011 324
1727 3968 1807 4020 sq.
2019 3956 2205 4022 κνίσης
2254 3950 2572 4020 Jacobitius‚
2624 3945 2747 4005 libri

668 4042 904 4106 κνίσσης.
2476 4109 2485 4116 ι

809 4132 891 4186 17.
963 4142 1240 4198 μεταγιγν.
1291 4130 1357 4195 A,
1402 4148 1649 4198 μεταγιν.
1704 4126 1904 4186 214>52F
1947 4129 2003 4181 et
2048 4145 2101 4181 v.
2292 4126 2568 4195 ἀπέθανε]
2618 4125 2746 4180 εἶπέ·

669 4218 847 4268 θανεν
893 4231 939 4269 a.
1136 4214 1329 4288 οὐσίαν
1381 4212 1703 4269 καταλιπων
1748 4216 1813 4279 Α,
1871 4214 2068 4269 οὐσίαν
2121 4214 2292 4268 αὐτοῦ
2349 4210 2643 4266 ἀπολιπὼν
2684 4208 2743 4276 ἓῖ,

670 4301 867 4357 οὖσίαν
905 4300 1199 4357 ἀπολιπών
1237 4302 1333 4357 ΦΕ
1365 4305 1421 4357 et
1454 4321 1506 4357 v.
1687 4301 1778 4356 ἐπὶ
1814 4302 1914 4355 τὸν
1947 4301 2177 4372 κλῆρον]
2214 4301 2345 4356 haec
2380 4315 2468 4355 om
2507 4304 2575 4352 Φ.

668 4389 810 4444 κατὰ
846 4390 946 4444 τὸν
980 4388 1170 4460 νόμον·
1192 4389 1389 4448 ἩΦῈΩ
1412 4391 1544 4458 etv,
1581 4389 1739 4460 παρὰ
1774 4389 1887 4442 τῶν
1923 4389 2110 4458 νόμων
2132 4388 2242 4443 AC.
2418 4386 2742 4441 καταπαύσω

667 4477 795 4534 libri
832 4493 1034 4546 omneS,
1084 4478 1148 4533 ut
1182 4493 1338 4547 saepe
1380 4477 1677 4547 loquuntur
1711 4476 1938 4532 seriores
1973 4477 2189 4533 auctore
2224 4472 2554 4543 Thucydide.
2626 4471 2742 4528 vide
