3099 5241
580 367 727 442 114
1399 399 1829 456 ΛονΚιΑΝον

429 579 531 635 321
571 567 689 635 οὐκ
771 565 970 657 εἴχετό
1057 592 1200 647 σου,
1286 569 1393 635 καὶ
1473 569 1970 657 ἐπεμβαίνουσα
2036 570 2143 635 καὶ
2208 572 2249 610 ⁴*
2316 570 2694 655 λουομένη-

569 672 796 753 ἐνίοτε,
844 669 1074 762 ηὔχετό
1124 697 1227 739 σοι
1271 677 1571 762 ἐντυχεῖν,
1624 672 1699 740 σύ
1750 673 1811 739 δ’
1843 670 2185 759 ἐθρύπτου
2208 671 2376 760 πρὸς
2406 672 2639 759 αὐτὴν.

569 781 631 845 2.
675 776 961 844 ΕΝΙΠ.
1012 776 1077 843 τί
1119 772 1283 858 οὖν,
1331 774 1436 843 διὰ
1480 783 1677 843 τοῦτο
1725 783 1914 866 ἐχρῆν
1960 803 2032 844 σε
2074 775 2504 864 προαρπάσαι
2528 775 2647 844 τὸν

569 880 777 966 ἔρωτα
846 882 953 946 καὶ
1013 880 1645 966 καθυποκρίνασθαι
1693 880 1963 947 Ἐνιπέα
2023 881 2168 947 ἀντὶ
2229 881 2646 956 Ποσειδῶνος

567 982 735 1051 εἶναι
778 984 885 1050 καί
927 984 1505 1071 κατασοφίσασθαι
1548 984 1674 1069 τῆν
1708 983 1897 1072 Τυρώ
1929 984 2131 1072 ἀφελῆ
2164 982 2368 1071 κόρην
2398 980 2608 1052 οὖσαν
2618 1013 2645 1066 ,·

566 1087 649 1154 Π
651 1088 790 1155 ΟΣ.
844 1087 970 1171 ὀψὲ
1013 1090 1417 1173 ζηλοτυπεῖς,
1469 1085 1517 1154 ὦ
1558 1088 1850 1168 Ἐνιπεῦ,
1911 1087 2290 1175 ὑπερόπτης
2325 1087 2645 1175 πρότερον

567 1190 680 1258 ὢν.
772 1190 816 1277 ἡ
876 1190 1066 1277 Τυρώ
1126 1192 1196 1258 δὲ
1256 1191 1449 1259 οὐδὲν
1506 1190 1725 1259 δεινὸν
1783 1195 2133 1259 πέπονθεν
2192 1194 2465 1278 οἰομένη
2510 1191 2646 1259 ὑπὸ

569 1301 687 1362 σοῦ
736 1291 1294 1381 διακεκορεῦσθαι.
1388 1296 1676 1363 ΕΝΙΠ.
1731 1295 1804 1363 οὐ
1852 1302 1977 1382 μὲν
2025 1292 2168 1364 οὖν·
2219 1296 2488 1382 ἔφησθα
2522 1295 2646 1385 γὰρ

569 1397 782 1467 ἀπιών
857 1401 957 1467 ὅτι
1014 1400 1363 1467 Ποσειδῶν
1420 1396 1633 1484 ἦσθα,
1709 1401 1748 1467 ὃ
1804 1403 1909 1466 καὶ
1968 1398 2255 1487 μάλιστα
2328 1399 2644 1485 ἐλύπησεν

573 1502 805 1589 αὐτήν·
854 1504 960 1569 καὶ
1005 1502 1124 1592 ἐγώ
1169 1511 1365 1570 τοῦτο
1410 1503 1753 1591 ἠδίκημαι,
1805 1507 1905 1571 ὅτι
1947 1504 2028 1571 τὰ
2075 1502 2203 1590 ἐμοὶ
2252 1501 2327 1571 οὐ
2366 1502 2646 1590 ηὐφραί-

512 1615 519 1629 ’
569 1632 694 1675 νου
739 1603 888 1674 τότε
932 1609 1037 1674 καὶ
1082 1605 1477 1694 περιστήσας
1521 1605 1901 1694 πορφύρεόν
1935 1635 1997 1675 τι
2026 1616 2229 1695 κῦμα,
2282 1609 2444 1694 ὅπερ
2470 1606 2647 1693 ὑμᾶς

572 1819 630 1872 in
665 1819 907 1873 omnibus
944 1818 1093 1873 codd.
1132 1819 1341 1873 demota
1376 1821 1516 1873 sunt.
1589 1821 1647 1873 at
1677 1819 1875 1873 bonum
1891 1818 2106 1884 factum,
2142 1818 2284 1888 quod
2317 1818 2489 1873 aliena
2522 1817 2647 1873 sedo

570 1905 782 1960 eaedem
814 1921 968 1961 voces
1017 1906 1076 1960 in
1120 1906 1295 1960 tribus
1341 1906 1495 1960 libris
1533 1905 1713 1974 (OQP)
1761 1909 1996 1962 servatae
2042 1908 2186 1960 sunt.
2257 1923 2381 1959 nam
2425 1906 2486 1959 hi
2516 1905 2649 1959 libri

567 2009 687 2047 mox
730 2009 827 2063 pro
876 1990 1050 2046 ἐνίοτε
1097 1989 1294 2060 ηὔχετό
1349 2012 1438 2045 σοι
1486 1994 1566 2047 sic
1613 1993 1891 2048 exhibent:
1941 1991 2201 2046 ἑκάστοτε
2252 1989 2352 2044 οὐκ
2389 1989 2498 2058 εἶχέ
2536 2010 2641 2044 σοι.

569 2096 694 2148 ergo
728 2079 860 2134 haec
905 2081 1131 2149 quatuor
1175 2080 1335 2135 verba
1378 2097 1486 2134 non
1518 2081 1579 2134 in
1612 2080 1856 2134 omnibus
1905 2079 2055 2135 codd.
2088 2079 2333 2134 funditus
2367 2079 2646 2148 perierant,

568 2166 664 2220 sed
695 2166 926 2235 margini
958 2170 1110 2221 erant
1142 2167 1436 2237 adscripta:
1474 2184 1609 2237 quae
1644 2184 1809 2237 quum
1843 2168 1909 2221 ob
1933 2167 2208 2222 literarum
2242 2165 2648 2220 similitudinem

565 2269 662 2324 pro
694 2254 840 2309 varia
872 2254 1102 2308 lectione
1136 2255 1415 2309 verborum
1460 2253 1637 2308 ἐνίοτε
1672 2252 1868 2322 ηὔχετό
1910 2273 2000 2307 σοι
2045 2254 2181 2307 male
2227 2252 2414 2308 habita
2451 2255 2645 2316 essent,

565 2357 672 2394 non
705 2342 885 2411 potuit
916 2340 1041 2396 inde
1073 2358 1180 2396 non
1215 2359 1277 2396 ea
1308 2342 1428 2412 ipsa
1461 2343 1727 2413 scriptura
1761 2342 1954 2406 enasci,
1999 2357 2132 2410 quae
2165 2340 2224 2393 in
2259 2338 2398 2394 091⁴*
2431 2340 2648 2393 inventa

565 2430 667 2483 est.
738 2445 806 2482 ne
838 2428 977 2483 illud
1009 2429 1222 2499 quidem
1256 2429 1478 2484 dubium
1511 2432 1624 2494 est„
1647 2446 1873 2499 quonam
1907 2428 2022 2482 loco
2056 2427 2216 2482 verba
2248 2425 2507 2479 ἑκάστοτε
2542 2423 2645 2492 μό-

565 2533 665 2567 νον
701 2512 800 2567 οὐκ
837 2513 1009 2581 εἴχετό
1049 2534 1147 2568 σου
1183 2517 1362 2586 elapsa
1394 2518 1520 2571 sint.
1593 2533 1819 2586 namque
1855 2518 1910 2570 et
1954 2515 2046 2569 ille
2093 2530 2250 2583 quem
2287 2513 2442 2568 modo
2476 2511 2648 2567 adtuli

566 2602 784 2657 Homeri
818 2619 1001 2658 versus
1038 2606 1094 2658 et
1126 2620 1209 2659 res
1245 2604 1365 2674 ipsa
1399 2603 1712 2658 documento
1747 2605 1891 2670 sunt,
1927 2602 2161 2673 quinque
2194 2602 2303 2656 ista
2335 2600 2495 2656 verba
2524 2601 2649 2670 post

565 2689 668 2743 hoc
714 2691 891 2759 ipsum
934 2709 993 2743 π.
1035 2710 1084 2743 τ.
1126 2688 1176 2743 ὅ.
1219 2688 1464 2743 ἀλύουσα
1511 2691 1786 2746 excidisse.
1948 2688 2382 2758 ἐπεμβαίνουσα]
2427 2685 2505 2740 ἐπ’
2550 2707 2645 2755 εμ-

565 2777 838 2846 βαίνουσα
872 2777 933 2832 F.
1088 2774 1382 2846 λουομένη]
1433 2774 1669 2845 λουμένῃ
1721 2777 1952 2832 Gobctus
1987 2778 2052 2831 V.
2088 2777 2164 2831 L..
2187 2793 2239 2846 p.
2276 2777 2348 2832 84
2391 2774 2648 2846 probante

566 2862 857 2919 DindorfiO.
998 2861 1193 2931 ηὔχετό
1214 2865 1260 2919 Β
1296 2867 1352 2919 et
1384 2864 1679 2919 fortasseV
1713 2880 1835 2918 cum
1867 2863 2201 2926 Lehmann03
2240 2859 2436 2929 εἴχετό
2459 2881 2506 2917 v.

565 2946 743 3003 ε’νιότε
777 2948 974 3018 ηὔχετό
1015 2951 1123 3020 σοι]
1159 2968 1256 3021 pro
1291 2952 1572 3007 hisverbis
1592 2951 1729 3006 0521?
1766 2951 1919 3005 (laniat
1956 2947 2216 3003 ἑκάστοτε
2253 2946 2353 3001 οὐκ
2389 2946 2498 3015 εἶχέ
2534 2967 2641 3002 σοι.

562 3036 683 3092 vide
718 3054 852 3108 quae
885 3038 1065 3108 paullo
1112 3041 1236 3094 anbe
1271 3039 1340 3093 ad
1371 3057 1421 3094 v.
1475 3035 1720 3091 ἀλύουσα
1754 3038 1958 3107 scripu}
1989 3039 2134 3091 sunt.
2291 3033 2354 3088 σύ
2394 3031 2451 3088 δ’
2489 3054 2539 3098 v,
2580 3035 2643 3088 σὺ

569 3119 630 3176 δὲ
665 3125 729 3190 Β,
767 3121 876 3177 ἀλλ’
917 3126 1029 3180 ΩΕ.
1360 3126 1367 3131 ’

707 3214 757 3267 2.
828 3208 1199 3280 προαρπάσαι
1239 3211 1382 3265 ΒΩΕ
1429 3213 1485 3266 et
1525 3210 1758 3266 fortasse
1792 3212 1857 3276 V,
1903 3207 2309 3279 προσαρπάσαι
2352 3209 2471 3264 edd.
2517 3211 2645 3264 vett.

707 3297 1239 3363 καθυποκρίνασθαι
1280 3297 1342 3361 Β,
1392 3299 1917 3365 καθυποκρίνεσθαι
1950 3299 2045 3353 ΩΕ
2091 3299 2146 3351 et
2178 3315 2227 3352 V.
2390 3292 2643 3348 διακεκο-

568 3381 811 3452 ρεῦσθαι
845 3382 1150 3438 Dindorfius
1199 3382 1278 3452 (in
1313 3383 1393 3438 ed.
1432 3383 1628 3452 Pario.)
1673 3384 1933 3455 probante
1977 3385 2231 3440 Bekkero.
2302 3382 2430 3437 libri
2464 3382 2647 3451 (etiam

565 3468 634 3537 B)
673 3463 1136 3539 ὃιακεκορῆσθαι.
1283 3466 1350 3521 οἰί
1380 3489 1485 3536 μεν
1521 3461 1621 3522 οὖν
1649 3470 1712 3536 Β,
1749 3457 2020 3538 οὕμενουν
2055 3472 2099 3526 F
2136 3472 2192 3525 et
2224 3488 2274 3524 v,
2417 3468 2646 3536 ἔφησθα

523 3591 528 3596 -
564 3556 629 3621 Β,
665 3554 805 3624 ἔφης
839 3557 933 3610 ΩῈ
970 3559 1026 3610 ct
1058 3575 1106 3612 v.
1252 3552 1537 3623 ἐλύπησεν]
1579 3554 1806 3624 ἠνίασεν
1840 3559 1946 3613 CF.
2089 3556 2194 3624 ὅτι]
2234 3553 2327 3608 ὅτε
2363 3573 2408 3610 a.
2543 3551 2643 3619 ηὖ-

569 3645 809 3712 φραίνου
844 3644 891 3699 Β
926 3660 1048 3698 cum
1081 3643 1403 3709 Lehmamm,
1440 3641 1744 3712 εὐφραίνου
1773 3645 1868 3699 ΩἘ
1904 3646 1959 3699 et
1986 3662 2031 3698 v.
2171 3661 2349 3712 πορφ.
2389 3661 2438 3694 τ.
2476 3638 2641 3708 κῦμα]

568 3747 630 3785 ex
665 3731 894 3785 Homero
930 3729 1027 3785 Od.
1064 3728 1124 3797 λ’,
1160 3732 1280 3787 244.
1351 3730 1738 3785 subridiculum
1764 3731 1933 3786 videri
1949 3720 2159 3799 potera‘t
2174 3730 2483 3800 Neptunum
2519 3743 2643 3781 con-

567 3817 816 3872 cubuisse
849 3819 992 3873 inter
1035 3816 1269 3888 fragores
1319 3820 1374 3872 et
1417 3818 1591 3872 minas
1624 3818 1899 3882 fluctum,
1945 3817 2140 3887 quibus
2186 3820 2365 3871 tamen
2407 3817 2645 3870 amantes

568 3905 801 3959 contecti
832 3903 1048 3959 fuerint.
1121 3905 1251 3975 quid
1285 3905 1393 3960 sibi
1425 3905 1485 3959 in
1512 3905 1741 3959 Homero
1776 3904 1907 3959 velit
1938 3901 2271 3974 πορφύρεον
2306 3902 2454 3969 κῦμα
2488 3901 2645 3956 hodie

568 3988 778 4044 demum
811 3994 1038 4047 constat.
1109 3991 1353 4062 inprimis
1388 3991 1510 4046 vido
1545 3991 1618 4046 Π.
1657 3988 1732 4059 φ’,
1767 3993 1872 4047 326
1907 4007 1987 4060 sq.
2131 3987 2403 4059 ἐκάλυψεν
2434 3990 2505 4050 Ω,
2546 4006 2645 4039 κα·

566 4078 807 4147 τέκρυψε
843 4078 904 4143 F,
951 4080 1323 4145 κατέκρυπτεν
1370 4078 1429 4143 C,
1479 4080 1810 4149 συνέκρυπτε
1856 4096 1905 4143 v,
1955 4079 2320 4146 συνέκρυπτεν
2359 4076 2475 4154 B4
2547 4089 2645 4142 ego

566 4165 722 4217 teneo
758 4164 1113 4233 conjecturam
1145 4182 1337 4220 meam:
1376 4163 1659 4232 ἔκρυπτεν.
1730 4165 1874 4219 istuc
1906 4150 2012 4217 ὀἶν
2042 4165 2137 4218 aut
2170 4180 2200 4217 e
2215 4162 2392 4232 priore
2428 4180 2459 4210 σ
2492 4162 2587 4214 aut
2615 4176 2644 4214 e

564 4250 802 4320 proximo
850 4250 1103 4318 συνῆσθα
1153 4254 1330 4306 ortum
1362 4250 1587 4306 videtur.
1659 4252 1834 4306 scribo
1880 4253 2058 4306 autem
2105 4248 2372 4317 ἔκρυπτεν
2418 4264 2481 4301 ex
2525 4247 2643 4317 ipso

567 4338 811 4407 Homero,
847 4338 998 4410 cujus
1032 4338 1123 4394 hic
1158 4339 1373 4408 singula
1396 4354 1564 4409 paone
1590 4339 1749 4395 verba
1781 4337 2096 4402 retinentur,
2132 4335 2230 4391 Od.
2253 4330 2316 4398 λ’,
2337 4334 2456 4391 245.
2510 4331 2646 4388 adde
