3099 5241
1406 407 1664 461 ΤΙΜΩΝ.
2431 376 2570 447 187

497 577 892 667 σωφρονικὸς
933 576 1056 664 τὴν
1103 576 1440 665 ἀναβολήν
1482 583 1695 645 ἕωθεν
1736 577 1941 663 μυρία
1986 578 2113 644 ὅσα
2157 578 2307 662 περὶ
2343 575 2575 664 ἀρετῆς

499 681 738 759 διεξιών
814 685 920 750 καὶ
1000 690 1132 751 τῶν
1194 682 1407 770 ἡδονῇ
1469 681 1824 771 χαιρόντων
1888 687 2261 770 κατηγορῶν
2327 682 2435 747 καὶ
2496 681 2574 748 τὸ

496 788 821 878 ὀλιγαρκὲς
880 792 1187 864 ἐπαινῶν,
1260 784 1483 872 ἐπειδὴ
1542 785 1951 872 λουσάμενος
2006 783 2299 871 ἀφίκοιτο
2345 786 2454 852 ἐπὶ
2495 782 2572 852 τὸ

495 893 764 959 δεῖπνον
820 893 926 958 καὶ
984 891 1019 958 ὀ
1079 904 1236 966 παῖς
1294 888 1594 979 μεγάλην
1651 888 1771 975 τήν
1816 887 2038 955 κύλικα
2085 887 2355 975 ὀρέξειεν
2398 886 2571 977 αὐτῷ

489 999 604 1084 (τῷ
672 997 994 1084 ζωροτέρῳ
1061 995 1132 1061 δὲ
1174 995 1399 1084 χαίρει-
1426 992 1770 1080 μάλιστα),
1819 990 2129 1079 καθάπερ
2185 990 2262 1059 τὸ
2321 990 2573 1078 Λήθης

488 1100 661 1186 ὕδωρ
727 1097 964 1167 ἐκπιών
1039 1097 1476 1166 ἐναντιώτατα
1559 1098 1990 1166 ἐπιδείκνυται
2068 1109 2207 1173 τοῖς
2273 1104 2573 1173 ἑωθινοῖς

488 1205 753 1280 ἐκείνοις
808 1201 1044 1293 λόγοις,
1107 1200 1553 1291 προαρπάζων
1608 1204 1823 1290 ὥσπερ
1891 1204 1933 1244 ⁴*
2002 1205 2236 1276 ἰκτῖνος
2293 1199 2372 1267 τὰ
2431 1200 2568 1288 ὄψα
2609 1213 2707 1269 171

489 1311 595 1376 καὶ
647 1306 767 1377 τὸν
808 1308 1091 1394 πλησίον
1133 1304 1810 1396 παραγκωνιζόμενος,
1874 1305 2156 1392 καρύκης
2198 1303 2274 1373 τὸ
2319 1307 2572 1394 γένειον

489 1411 852 1492 ἀνάπλεως,
901 1410 1189 1497 κυνηδὸν
1233 1410 1756 1499 ἐμφορούμενος,
1807 1409 2222 1497 ἐπικεκυφῶς,
2262 1408 2571 1497 καθάπερ

488 1523 558 1586 ἐν
600 1531 744 1593 ταῖς
784 1515 1027 1585 λοπάσι
1068 1514 1194 1602 τήν
1231 1514 1473 1604 ἀρετήν
1503 1512 1804 1601 εὑρήσειν
1839 1514 2247 1600 προσδοκῶν,
2298 1512 2572 1601 ἀκριβῶς

487 1620 566 1688 τὰ
625 1618 894 1707 τρύβλια
937 1627 1023 1708 τῷ
1068 1621 1298 1709 λιχανῷ
1345 1616 1779 1708 ἀποσμήχων,
1844 1617 1928 1694 ὡς
1968 1616 2145 1705 μηδὲ
2189 1616 2407 1707 ὀλίγον
2448 1625 2572 1687 τοῦ

377 1745 381 1749 ·
484 1731 825 1811 μυττωτοῦ
894 1724 1259 1792 καταλίποι.
1373 1724 1478 1792 55.
1544 1722 2004 1810 μεμψίμοιρος
2070 1720 2193 1802 ἀεὶ,
2264 1721 2385 1789 κάν
2450 1720 2570 1790 τὸν

485 1832 862 1897 πλακοῦντα
908 1829 1065 1896 ὅλον
1107 1827 1152 1912 ἢ
1196 1826 1311 1894 τὸν
1360 1833 1481 1894 σῦν
1523 1824 1737 1913 μόνος
1779 1833 1910 1894 τῶν
1953 1824 2160 1893 ἄλλων
2179 1823 2373 1917 λάβῃ,
2425 1827 2462 1892 ὅ
2505 1851 2569 1893 τι

484 1958 608 2020 περ
651 1932 918 2022 λιχνείας
961 1933 1068 1998 καὶ
1113 1931 1475 2017 ἀπληστίας
1521 1930 1775 2017 ὄφελος,
1837 1930 2139 2015 μέθυσος
2181 1931 2288 1996 καὶ
2329 1928 2569 2017 πάροι-

483 2061 621 2117 νος,
674 2036 790 2104 οὐκ
832 2035 975 2126 ἄχρι
1015 2034 1190 2123 ᾠδῆς
1233 2036 1339 2101 καὶ
1384 2033 1740 2125 ὀρχηστύος
1781 2032 2023 2121 μόνον,
2082 2032 2238 2100 ἀλλὰ
2283 2035 2390 2100 καὶ
2431 2036 2568 2102 λοι-

486 2140 707 2228 δορίας
752 2140 857 2206 καὶ
883 2138 1101 2229 ὀργῆς.
1173 2139 1443 2225 προσέτι
1486 2139 1594 2204 καὶ
1622 2135 1801 2228 λόγοι
1824 2139 2053 2205 πολλοὶ
2090 2140 2200 2205 ἐπὶ
2236 2145 2317 2227 τῇ
2339 2137 2561 2219 κύλικι,

482 2242 632 2312 τότε
676 2241 755 2329 δή
803 2245 908 2310 καὶ
952 2240 1263 2330 μάλιστα,
1313 2243 1461 2328 περὶ
1508 2240 1936 2330 σωφροσύνης
1964 2243 2071 2308 καὶ
2099 2239 2559 2329 κοσμιότητος·

482 2438 588 2475 non
622 2422 849 2474 constat.
999 2439 1080 2476 τις
1115 2436 1200 2473 om
1234 2419 1315 2474 od.
1472 2417 1716 2490 ἔγραψεν
1752 2418 1852 2473 ΑΟ
1862 2418 2196 2485 ΨΩΩΞΡΒΝ,
2234 2415 2478 2489 ἔγραφεν
2513 2435 2562 2473 v.

622 2503 970 2577 σωφρονικὸς
1008 2506 1158 2560 Obod
1194 2509 1249 2561 et
1282 2525 1331 2572 v,
1387 2508 1768 2575 σωφρονίσκοε
1815 2505 2105 2560 scholiasta
2151 2504 2349 2559 diserto
2397 2508 2452 2559 et
2485 2506 2564 2560 sic

478 2594 849 2654 AWQPRa.
987 2591 1198 2662 κύλικα]
1235 2591 1528 2662 κισσοχόην
1561 2597 1623 2646 Ο.
1770 2591 2053 2664 ζοροτέρω
2072 2593 2138 2649 Α.
2282 2581 2560 2646 ἐπιδείκνυ

479 2703 548 2735 τα
583 2683 700 2739 τοῖς
739 2685 803 2745 0,
844 2678 1221 2735 ἐπιδείκνυται
1257 2699 1342 2736 om
1376 2683 1440 2737 R.
1587 2675 1809 2748 ἰκτῖνος]
1848 2680 2047 2737 ἴκτινος
2081 2679 2146 2745 A,
2185 2697 2341 2749 quem
2375 2695 2561 2735 accen·

477 2774 594 2824 tum
629 2770 857 2825 Thomas
893 2771 967 2826 M.
1004 2787 1057 2841 p.
1098 2771 1214 2836 185,
1252 2775 1283 2825 5
1316 2768 1591 2839 probabat.
1734 2765 1998 2837 καρύκης]
2034 2763 2308 2836 καρὺκληο
2352 2771 2416 2830 Ψ,
2462 2786 2560 2819 κα-

480 2854 683 2925 ρύκκης
730 2857 795 2923 Α,
847 2873 943 2928 pro
990 2874 1092 2927 quo
1139 2856 1264 2910 olim
1308 2856 1601 2909 adtuleram
1648 2855 2045 2924 Theognostum
2078 2853 2137 2907 in
2169 2854 2334 2907 Bekk.
2358 2853 2559 2910 Aneod.

478 2961 529 3014 p.
569 2945 720 3000 1386.
792 2959 936 2998 nunc
982 2943 1118 2998 addo
1165 2942 1496 2996 trochaicum
1544 2942 1661 3013 (qui
1704 2958 1885 2996 versus
1936 2943 2020 2995 est
2067 2940 2228 2995 etiam
2274 2957 2355 3011 ap.
2394 2941 2559 2995 Zeno-

477 3031 626 3085 bium
659 3031 725 3096 V,
761 3032 795 3086 3
828 3048 882 3100 p.
923 3029 1046 3098 115)
1081 3047 1164 3100 ap.
1202 3029 1368 3084 schol.
1407 3029 1476 3083 ad
1508 3029 1703 3084 Aesoh.
1739 3028 1888 3083 Pers,
1923 3047 1970 3083 v.
2006 3029 2091 3093 41,
2127 3026 2221 3081 ubi
2255 3027 2417 3082 codex
2444 3029 2560 3083 Me-

479 3135 661 3190 diceus
694 3135 862 3190 habet
906 3132 1196 3204 καρύκκας.
1272 3138 1331 3188 at
1357 3120 1408 3185 ἶ
1442 3134 1500 3187 in
1546 3134 1650 3189 hoc
1696 3132 1950 3188 vocabulo
1995 3134 2188 3187 natura
2232 3131 2562 3202 producitur,

477 3239 585 3277 non
616 3222 896 3293 positione.
1036 3216 1279 3287 κυνηδὸν
1315 3219 1476 3289 ἐμφ.]
1511 3220 1607 3276 Ar.
1645 3220 1787 3275 Nub.
1818 3238 1867 3275 v.
1888 3222 2019 3276 491:
2054 3214 2296 3285 κυνηδὸν
2328 3217 2433 3286 τὴν
2469 3237 2561 3271 σο-

482 3311 618 3377 φίαν
652 3307 983 3378 σιτήσομαις
1126 3304 1325 3375 λιχάνω
1343 3308 1410 3374 A,
1445 3305 1677 3375 λειχανῶ
1701 3310 1764 3359 Ο.
1912 3303 2273 3375 ἀποσμήχων]
2304 3303 2561 3377 προσμή-

475 3415 586 3464 χων
624 3397 689 3452 R.

614 3488 699 3539 55.
772 3480 876 3535 κᾶν
909 3481 1241 3538 ΑΨΩΡΒΥο
1277 3484 1334 3537 et
1365 3481 1613 3538 fortassis
1644 3483 1709 3542 0,
1757 3478 1829 3537 ὡς
1863 3499 1911 3535 v.
2054 3477 2195 3552 λάβῃ
2234 3479 2557 3536 Βίηᾶοτίίιιε.

475 3569 602 3624 libri
619 3566 803 3640 λάβοι.
951 3567 984 3622 ὅ
1018 3588 1074 3621 τι
1105 3569 1234 3637 περ]
1258 3565 1347 3622 ὅτι
1380 3571 1437 3621 τί
1466 3586 1576 3637 περ
1593 3568 1660 3634 A,
1697 3564 1786 3620 ὅτι
1818 3574 1950 3639 περὶ
1966 3571 2081 3620 ΟΨ.
2228 3564 2561 3635 ἀπληστείας

481 3659 544 3708 0.
690 3652 893 3725 ὄφελος
927 3657 1023 3714 Ao.
1097 3657 1199 3711 hoo
1236 3655 1392 3711 dicit:
1427 3652 1668 3723 μάλιστα
1705 3650 1880 3722 λίχνος
1913 3659 2006 3706 καὶ
2045 3650 2336 3721 ἄπληστος.
2400 3654 2561 3710 verba

478 3741 511 3796 ὅ
544 3762 707 3812 τιπερ
747 3740 794 3797 λ.
834 3763 884 3796 κ.
928 3741 981 3796 ἀ.
1026 3740 1228 3812 ὄφελος
1261 3744 1321 3797 in
1356 3742 1598 3809 Quaestt.
1637 3742 1698 3796 L.
1736 3759 1789 3811 p.
1827 3744 1895 3797 37
1930 3741 2204 3796 verissime
2238 3741 2557 3811 interpreta-

475 3833 565 3884 tus
602 3845 735 3886 sum.
808 3830 964 3885 docui
998 3833 1176 3886 autem
1211 3831 1348 3885 hanc
1381 3830 1666 3885 atticorum
1699 3828 1980 3883 formulam
2015 3828 2081 3882 do
2114 3829 2356 3898 personis
2385 3830 2556 3899 magis

476 3933 633 3986 quam
666 3917 732 3971 de
765 3917 927 3973 rebus
962 3918 1218 3973 usitatam
1263 3934 1380 3972 esse
1417 3934 1634 3987 eamque
1679 3916 1839 3970 etiam
1883 3915 1949 3970 de
1986 3915 2215 3984 singulis
2251 3915 2556 3971 hominibus

473 4003 600 4073 poni
632 4020 805 4075 posse,
840 4007 904 4059 ut
936 4005 991 4059 h.
1029 4004 1066 4059 1.
1105 4004 1169 4059 de
1208 4004 1495 4074 Thrasyclo
1530 4006 1587 4059 et
1619 4004 1817 4059 iterum
1850 4001 1915 4057 de
1950 4002 2055 4058 alio
2090 4003 2202 4058 viro
2237 4003 2297 4057 in
2331 4004 2555 4059 Harmo-

474 4090 598 4145 nide
634 4090 667 4159 5
700 4095 751 4147 3.
907 4089 1035 4163 ἄχρι
1067 4091 1118 4146 Α
1166 4093 1222 4145 et
1254 4090 1500 4148 fortassis
1535 4091 1695 4153 ΨΩΡ,
1749 4087 1901 4159 ἄχρις
1940 4091 2037 4145 OB.
2070 4091 2126 4144 et
2159 4108 2206 4146 v.
2365 4088 2564 4161 ὀργῆς..

474 4180 708 4245 προσέτι
743 4183 835 4231 καὶ
870 4181 1015 4233 recte
1049 4179 1386 4249 interpungit
1409 4179 1475 4244 A,
1511 4175 1680 4248 ὀργῆς
1712 4179 1962 4248 προσέτι.
2037 4183 2131 4230 καὶ
2164 4196 2212 4233 v.
2354 4174 2555 4232 πολλοὶ

477 4260 585 4331 ἐπὶ]
621 4260 819 4318 πολλοὶ
857 4262 917 4319 ἐν
958 4270 1022 4318 Ψ.
1164 4264 1293 4319 τότε
1333 4262 1427 4334 δὴ]
1463 4263 1592 4318 τότε
1631 4262 1691 4318 δὲ
1712 4268 1775 4317 0.
1918 4263 2260 4333 πονηρῶεΑ,
2294 4261 2554 4334 πονήρως

473 4369 521 4407 v.
669 4348 885 4422 γελοῖος
929 4352 1048 4407 edd.
1102 4355 1227 4407 ante
1273 4353 1757 4419 Hflmsterhusium,
1820 4349 2046 4423 γελοίως
2090 4352 2384 4409 ΑΟῬΩΡΒ,
2429 4367 2553 4408 oum
