3099 5241
1270 452 1772 508 PEDESTRIBUS.
2388 453 2574 508 XCIX

474 649 591 715 ego
622 631 911 695 numeris
954 648 1185 714 parum
1225 630 1519 711 delector,
1565 628 1896 693 Platonem
1944 634 2007 694 et
2050 628 2571 711 Demosthenem,

476 736 590 819 qui
650 736 722 798 in
789 735 908 798 hac
973 753 1043 799 re
1111 736 1298 819 sequi
1361 734 1905 814 Thrasymachum
1978 733 2296 818 solebant,
2378 734 2568 818 longe

476 857 704 903 censeo
772 838 1251 922 anteponendos
1318 859 1475 904 esse.
1591 838 1759 902 Nam
1826 857 1910 903 ex
1982 838 2214 903 horum
2285 839 2566 903 oratione

423 1024 426 1027 Ι
478 942 830 1026 quamlibet
873 963 1217 1008 numerosa
1262 945 1317 1008 si
1366 944 1513 1027 quis
1542 941 1750 1006 XXX
1778 962 2004 1007 versus
2036 963 2255 1008 eruere
2287 948 2570 1025 conetur,

473 1047 710 1111 frustra
753 1052 852 1112 sat
896 1048 1027 1111 scio
1083 1047 1414 1112 laborabit.
1522 1047 1778 1131 Optime
1835 1049 2011 1112 enim
2066 1047 2564 1113 Demosthenem

474 1153 751 1236 cavisse,
816 1171 901 1217 ne
964 1154 1219 1216 numeri
1275 1155 1416 1236 ejus
1477 1152 1558 1215 ad
1620 1157 1823 1216 metra
1882 1158 2118 1217 temere
2180 1153 2567 1235 aberrarent,

474 1255 831 1338 Dionysius
875 1257 1022 1321 Hal.
1073 1277 1278 1341 quum
1324 1257 1478 1320 alibi
1521 1261 1663 1320 tum
1708 1254 1807 1320 De
1851 1257 2076 1320 admir.
2121 1258 2191 1319 vi
2235 1256 2561 1322 Demosth.

474 1381 526 1426 c.
557 1361 645 1428 50
690 1362 1075 1426 observavit.
1167 1361 1293 1426 Sed
1336 1362 1632 1425 nondum
1677 1360 1756 1424 ab
1801 1361 2145 1426 Aristotele
2189 1363 2258 1425 in
2304 1361 2561 1426 Rhetor.

471 1465 595 1549 ΙΙΙ,
655 1468 695 1533 8
730 1499 734 1503 ·
767 1467 1088 1532 discedere
1152 1485 1440 1550 possum.
1557 1463 1699 1541 Quo
1766 1466 1837 1528 in
1904 1465 2044 1529 loco
2112 1466 2272 1530 haec
2338 1466 2562 1530 verba:

470 1568 756 1635 λείπεται
825 1568 896 1634 δὲ
961 1566 1193 1646 παιὰν,
1265 1563 1312 1648 ᾧ
1377 1573 1651 1655 ἐχρῶντο
1719 1572 1849 1651 μὲν
1917 1565 2053 1632 ἀπὸ
2118 1565 2569 1656 Θρασυμάχου

473 1669 849 1757 ἀρξάμενοι,
912 1672 1028 1738 οὐκ
1086 1671 1257 1761 εἶχον
1306 1673 1374 1738 δὲ
1420 1675 1621 1759 λέγειν
1667 1672 1761 1746 τίς
1804 1666 1893 1755 ἦν
1949 1692 2080 1737 non
2128 1680 2345 1739 carent
2385 1676 2561 1739 VitiO.

469 1776 641 1842 Nam
699 1780 1014 1844 scholium
1070 1780 1317 1843 ultimis
1380 1775 1497 1842 οὐκ
1542 1816 1628 1825 -
1673 1775 1768 1849 τίς
1828 1770 1910 1859 ἦν
1976 1780 2185 1862 primo
2249 1779 2563 1862 additum,
2643 1819 2646 1822 -

472 1902 757 1967 moxque
812 1890 958 1968 post
1014 1883 1144 1966 μέν
1203 1884 1368 1948 male
1426 1885 1744 1948 insertum
1801 1884 1890 1946 ita
1932 1888 2025 1946 ·ut
2070 1883 2251 1947 codd.
2302 1884 2566 1968 quidam

471 1984 812 2053 exhibent:
884 1991 1154 2074 ἐχρῶντο
1214 1990 1345 2070 μὲν
1404 1985 1486 2060 ὡς
1544 1991 1614 2050 ἐν
1675 1981 2025 2072 ἀπορρήτῳ
2087 1983 2223 2050 ἀπὸ
2270 2024 2378 2070 ——‚
2443 1987 2566 2051 hoc

468 2091 669 2175 igitur
727 2093 1039 2157 scholium
1097 2092 1184 2175 (id
1247 2093 1419 2177 quod
1480 2111 1670 2176 saepe
1731 2091 1988 2173 accidit)
2044 2096 2190 2175 post
2232 2092 2361 2174 μέν
2404 2092 2564 2155 falso

469 2212 689 2261 vocem
768 2197 1020 2281 expulit
1100 2198 1471 2281 genuinam.
1605 2196 1983 2260 Aristoteles
2072 2197 2247 2260 enim
2339 2215 2564 2280 quem-

470 2298 819 2366 admodum
866 2303 1184 2367 sententia
1227 2306 1442 2386 aperte
1484 2302 1714 2385 poscit,
1770 2301 1860 2364 ita
1915 2301 2133 2384 potius
2191 2298 2561 2385 scripserat:

468 2404 525 2468 λ.
580 2403 640 2469 ὃ.
689 2429 795 2483 n„
868 2396 913 2484 ᾧ
980 2410 1250 2492 ἐχρῶντο
1318 2408 1448 2489 μὲν
1514 2399 1832 2476 πάντες
1899 2400 2035 2467 ἀπὸ
2110 2399 2567 2490 Θρασυμάχου

470 2504 822 2591 ἀρξάμενοι
852 2548 955 2578 -.
1042 2512 1145 2575 Ac
1186 2530 1272 2579 ne
1317 2511 1465 2595 quis
1512 2509 1781 2592 dubitet,
1828 2507 2044 2572 Cicero
2090 2509 2160 2571 in
2199 2508 2564 2573 Aristotelis

470 2613 687 2680 codiee
733 2635 862 2700 quo
904 2619 1047 2681 tum
1107 2615 1407 2681 utebatur
1463 2614 1570 2678 hic
1631 2604 1677 2691 ᾧ
1733 2616 2004 2699 ἐχρῶντο
2061 2613 2190 2696 μὲν
2243 2607 2352 2676 πά
2376 2636 2563 2686 ντες

471 2720 685 2784 adhuc
729 2721 969 2805 legerat
1012 2725 1089 2785 ut
1132 2720 1658 2785 animadvertisse
1702 2719 1863 2782 mihi
1904 2718 2125 2782 videor
2170 2737 2256 2782 ex
2301 2718 2562 2784 Oratore

469 2841 522 2887 c.
571 2826 654 2889 57
704 2826 743 2907 ἓ
793 2827 953 2893 193:
1013 2825 1127 2908 ‚Ita
1180 2844 1428 2910 paeana
1468 2823 1697 2908 probat
1739 2821 2160 2905 (Aristoteles)
2206 2841 2413 2907 eoque
2472 2825 2562 2888 ait

472 2930 571 2992 uti
637 2949 951 3013 omneS,
1018 2929 1131 2994 sed
1200 2934 1325 2991 —‘.
1439 2928 1547 2994 Sic
1612 2930 1684 2991 in
1749 2927 1983 2991 Aesch.
2045 2927 2275 3010 Agam.
2321 2947 2384 2989 v.
2436 2927 2563 2994 110

468 3033 785 3116 glossema
848 3032 1048 3109 δίκας,
1121 3038 1197 3098 ut
1254 3037 1350 3098 est
1404 3035 1476 3096 in
1532 3033 1716 3098 codd.
1780 3030 2113 3112 omnibuS,
2174 3031 2302 3094 duo
2361 3031 2560 3096 verba

466 3139 674 3221 ipsius
717 3139 1026 3219 Aeschyli
1071 3139 1352 3222 expulit:
1417 3137 1520 3200 καὶ
1580 3137 1708 3223 χερὶ
1755 3134 2034 3219 (servata
2075 3135 2186 3198 illa
2230 3135 2310 3199 ab
2356 3134 2554 3199 Arist.

466 3243 538 3305 in
581 3241 743 3306 Rau.
793 3263 852 3306 v.
898 3243 1123 3324 1289):
1172 3249 1236 3307 et
1278 3244 1369 3306 ita
1412 3242 1792 3306 sexcenties.
1883 3238 1981 3304 De
2026 3259 2297 3304 numero
2344 3245 2559 3304 autem

468 3348 778 3429 paeonico
847 3348 939 3411 sic
1004 3346 1375 3411 habendum
1441 3351 1554 3410 est.
1668 3345 1773 3408 Ad
1850 3345 1971 3408 hoc
2037 3363 2246 3428 genus
2310 3350 2561 3428 praeter

467 3470 744 3534 paeones
769 3455 833 3515 et
855 3453 1119 3517 creticos
1159 3453 1349 3516 etiam
1384 3449 1922 3534 palimbacchium
1962 3506 2007 3512 ..
2045 3478 2116 3511 „¹-
2142 3494 2210 3514 ψ
2246 3451 2337 3532 (in
2371 3469 2560 3534 prosa

468 3555 602 3620 sola
645 3557 974 3639 usitatum,
1032 3560 1107 3620 ut
1161 3555 1326 3620 bene
1354 3554 1652 3619 'Rufinus
1694 3556 1765 3618 in
1808 3553 1993 3619 Rhet.
2039 3553 2267 3617 Minor.
2316 3575 2378 3638 p.
2425 3554 2556 3620 580

466 3659 564 3723 ed.
597 3658 732 3745 IL),
778 3659 1118 3724 bacchium
1162 3705 1231 3725 ψ
1277 3686 1349 3721 -ν-
1393 3716 1464 3722 -
1507 3664 1571 3723 et
1616 3658 1984 3722 dochmium
2028 3702 2098 3721 ψ
2140 3685 2211 3718 ‚e-
2261 3686 2332 3720 -ν-
2380 3704 2447 3723 ψ
2486 3714 2557 3721 -

464 3769 708 3830 veteres
766 3764 1138 3829 referebant.
1240 3762 1420 3827 Haec
1478 3768 1697 3827 tamen
1753 3763 1963 3849 dissen
1972 3762 2098 3844 sic,
2168 3781 2334 3845 quae
2387 3763 2556 3827 inter

463 3867 920 3950 Thrasymachi
980 3872 1318 3933 sectatores
1389 3873 1453 3932 et
1509 3866 1920 3930 Aristotelem
1983 3865 2129 3947 fuit,
2196 3866 2278 3929 ad
2345 3886 2556 3930 unum

465 3973 693 4056 pedem
760 3976 1003 4057 spectat
1068 3972 1391 4036 creticum.
1504 3970 1705 4035 Hunc
1769 3969 2143 4034 Aristoteles
2211 3991 2249 4033 a
2312 3989 2555 4053 paeone

464 4082 741 4162 utroque
807 4076 1106 4161 pluribus
1174 4076 1252 4140 de
1320 4077 1532 4141 causis
1599 4076 1860 4139 omnino
1915 4073 2060 4138 vult
2125 4081 2550 4158 segregatum.

464 4180 788 4265 Principio
834 4181 1029 4263 enim,
1073 4184 1148 4244 ut
1191 4198 1307 4263 ego
1353 4181 1507 4244 olim
1553 4180 1635 4244 ad
1677 4179 1873 4242 Arist.
1905 4177 2279 4261 Thesmoph.
2328 4198 2389 4261 p.
2422 4178 2550 4243 628

465 4291 634 4351 recte
678 4285 1034 4367 observavi,
1078 4284 1219 4348 bini
1259 4284 1429 4349 ictus
1459 4284 1608 4368 pedi
1640 4283 1895 4365 creticO,
1939 4281 2294 4366 paeonibus
2337 4286 2553 4347 autem

463 4392 635 4455 veris
680 4389 923 4476 singuli
969 4388 1213 4472 ubique
1257 4388 1715 4473 imponuntur:

2124 4505 2250 4553 vn·
