3099 5241
1377 1506 1641 1591 Caput
1693 1507 1807 1571 IV.

950 1670 1074 1755 De
1134 1670 1359 1756 libris
1420 1671 2139 1757 PseudolucianeiS.
2160 1667 2236 1780 *)

733 1854 795 1918 J.
842 1852 1212 1918 Bekkernm
1255 1856 1470 1919 virum
1516 1874 1671 1920 sane
1716 1855 1974 1919 doctum
2021 1862 2085 1920 et
2140 1862 2404 1921 acutum
2448 1878 2638 1923 nemo

552 1962 760 2025 nescit
801 1960 1111 2045 plurimos
1166 1959 1417 2024 codices
1472 1960 1811 2043 diligenter
1865 1961 2230 2043 contulisse,
2285 1963 2357 2025 in
2413 1965 2634 2027 critica

552 2069 686 2128 arte
743 2064 1153 2148 prudentiam
1208 2064 1582 2128 adhibuisse
1646 2084 1860 2148 neque
1918 2066 2246 2130 incondite
2305 2068 2637 2132 vociferari

554 2169 812 2234 solitum
879 2188 1019 2233 esse
1085 2169 1199 2233 sed
1264 2169 1481 2232 clauso
1562 2168 1790 2232 labello
1854 2174 2024 2233 recte
2092 2171 2386 2253 cogitare.
2500 2172 2634 2238 Me-

552 2275 817 2338 moriam
896 2279 960 2338 et
1038 2275 1404 2339 encomium
1484 2276 1607 2337 viri
1672 2273 1759 2336 Μ.
1826 2272 2158 2357 Hauptius
2225 2277 2478 2359 scripsit
2543 2278 2633 2355 (in

554 2376 791 2463 Opusc.
840 2377 931 2442 111
975 2400 1036 2463 p.
1084 2379 1213 2444 239
1259 2380 1444 2463 sqq.),
1490 2398 1684 2462 quem
1729 2396 1917 2461 saepe
1963 2378 2193 2442 ducem
2238 2381 2424 2463 sequi
2468 2381 2635 2463 licet,

552 2483 819 2547 minime
882 2490 1095 2547 tamen
1158 2503 1324 2567 quae
1391 2485 1647 2567 scripsit
1701 2484 1916 2547 omnia
1983 2482 2328 2548 dilaudare.
2439 2485 2635 2551 Recte

551 2586 883 2672 Hauptius
939 2608 1000 2673 p.
1058 2588 1189 2653 245
1242 2587 1608 2653 Bekkerum
1679 2587 1983 2652 editorem
2040 2588 2208 2654 dixit
2262 2610 2637 2673 graecorum

551 2694 835 2758 maxime
890 2695 1268 2778 scriptorum
1326 2694 1660 2757 volumina
1726 2698 1987 2757 centum
2049 2693 2181 2757 fere
2247 2695 2457 2759 solum
2523 2716 2638 2761 ex·

553 2797 849 2880 plevisse.
955 2799 1139 2863 Adeo
1192 2798 1483 2862 Beckker
1541 2817 1735 2882 quem
1791 2817 2014 2881 prosae
2072 2799 2445 2883 scriptorem
2503 2821 2635 2866 non

553 2901 800 2966 edidit?
868 2904 936 2966 in
999 2922 1128 2986 quo
1183 2902 1429 2967 edendo
1485 2904 1658 2965 viam
1714 2921 1846 2965 non
1901 2902 2040 2986 ipse
2092 2905 2337 2986 praeire
2381 2905 2634 2969 voluit?

555 3007 663 3070 cui
706 3007 991 3091 priorum
1035 3007 1347 3072 editorum
1396 3006 1674 3070 debitam
1715 3008 1983 3089 gratiam
2028 3008 2373 3091 persolvit?
2442 3028 2631 3093 quem

555 3111 836 3195 denique
901 3111 1044 3175 aliis
1110 3112 1290 3195 prius
1355 3111 1679 3175 edendum
1737 3111 2043 3195 reliquit?
2152 3111 2500 3178 Enimvero
2557 3114 2636 3178 de

553 3215 774 3280 multis
841 3218 1079 3300 optime
1136 3217 1403 3281 meritus
1462 3222 1560 3279 est
1612 3214 1812 3278 veluti
1875 3216 1953 3279 de
2013 3216 2369 3281 oratoribus
2427 3220 2636 3283 atticis

551 3319 750 3385 ferme
794 3320 1097 3384 omnibus
1141 3321 1198 3383 si
1239 3324 1452 3384 tamen
1498 3318 1761 3401 Lysiam
1815 3321 2161 3403 exceperis
2254 3320 2381 3385 Sed
2430 3343 2637 3406 quum

552 3429 649 3488 tot
690 3430 951 3508 tamque
995 3424 1200 3508 spissa
1246 3424 1576 3488 volumina
1619 3424 1698 3488 ab
1745 3443 1819 3488 eo
1865 3424 2032 3488 edita
2078 3425 2229 3507 sint,
2287 3426 2493 3510 inepti
2553 3428 2637 3491 sit

554 3529 808 3595 credere
850 3530 920 3592 in
968 3528 1270 3593 omnibus
1315 3548 1465 3593 eum
1509 3529 1901 3613 permultum
1950 3528 2197 3593 efficere
2242 3533 2529 3614 potuisse
2573 3536 2637 3596 et

552 3635 749 3697 nimis
803 3634 993 3698 amici
1050 3634 1361 3716 hominm,
1427 3653 1502 3699 ea
1561 3653 1821 3718 quoque
1882 3653 2048 3716 quae
2108 3636 2424 3718 carpenda
2483 3640 2638 3700 sunt

553 3739 950 3823 praedicare:
1011 3738 1082 3800 in
1135 3738 1335 3802 literis
1389 3741 1562 3804 enim
1607 3759 1736 3803 non
1787 3740 2130 3802 auctoritas
2172 3739 2362 3820 valet,
2421 3739 2638 3805 valent

554 3848 948 3927 argumenta.
1058 3840 1296 3907 Tamen
1364 3844 1442 3908 de
1499 3842 1786 3907 Luciano
1845 3842 2119 3907 Bekkeri
2185 3843 2397 3907 adhuc
2460 3846 2637 3908 tacui

551 3954 934 4029 reverenter,
988 3955 1208 4032 postea
1263 3967 1521 4032 quoque
1576 3950 1911 4030 taciturus,
1966 3949 2038 4011 ni
2097 3949 2202 4012 hic
2254 3950 2395 4033 ipse
2454 3948 2635 4012 locus

423 4057 427 4062 '
556 4052 634 4118 de
679 4053 947 4136 dialogis
991 4054 1338 4139 suppositis
1382 4073 1563 4117 nunc
1605 4072 1829 4117 vocem
1883 4072 1988 4118 me
2043 4054 2328 4118 emittere
2386 4058 2636 4136 cogeret

552 4156 658 4222 vel
728 4158 1028 4223 invitum.
1139 4158 1393 4223 Edendi
1468 4158 1668 4242 igitur
1743 4158 2086 4222 consilium
2166 4158 2311 4222 ideo
2391 4159 2636 4242 cepisse

693 4383 742 4454 *)
777 4383 1023 4440 Primum
1055 4384 1188 4439 haec
1223 4382 1369 4438 edita
1403 4385 1533 4437 sunt
1567 4381 1850 4439 Rostoohii
1886 4401 1933 4439 a.
1975 4388 2125 4443 1880.
