3099 5241
1078 433 1455 483 NEKPIKOI
1499 432 1883 484 ΑιΑΛοιόι.
2441 429 2525 494 69

442 601 689 668 ΠἸῺ.
788 601 938 667 οὐδὲ
1007 604 1042 642 *
1109 611 1328 668 τοῦτο.
1446 602 1703 669 ΔΙΟΓ.
1768 597 1926 685 «ἀρα
1998 597 2117 667 οὖν
2174 598 2526 679 ἐπλούτεις,
2566 614 2671 668 444

443 704 578 771 εἶτα
649 704 801 793 ἀνιᾷ
863 732 935 771 σε
987 704 1062 771 τὸ
1123 707 1375 790 πολλὴν
1430 706 1684 788 τρυφήν
1743 703 2157 770 ἀπολιπόντα
2206 707 2489 771 κατιέναι
2508 733 2532 786 ,·

441 810 687 877 ΠΤΩ..
786 809 975 876 οὐδὲν
1035 819 1379 876 τοιοῦτον·
1446 809 1581 875 ἀλλ’
1649 809 1759 894 ἔτη
1820 816 1948 892 μὲν
1994 808 2313 898 ἐγεγόνειν
2361 809 2533 895 ἀμφὶ

437 912 519 979 τὰ
590 913 1017 999 ἐνενήκοντα,
1098 917 1250 1001 βίον
1336 915 1406 980 δὲ
1480 913 1778 1001 ἀπορον-
1822 913 1957 979 ἀπὸ
2040 912 2345 999 καλάμου
2427 915 2532 979 καὶ

445 1017 685 1104 ὁρμιᾶς
752 1018 956 1108 εἶχον,
1031 1025 1095 1095 ἐς
1160 1017 1537 1106 ὖπερβολῆν
1602 1017 1853 1107 πτωχὸς
1914 1018 2034 1097 ὧν,
2118 1017 2386 1094 ἄτεκνός
2462 1044 2534 1084 τε

442 1127 712 1208 προσέτι
770 1126 872 1188 καὶ
928 1123 1123 1212 χωλὸς
1167 1126 1272 1189 καὶ
1320 1121 1625 1210 ἀμυδρὸν
1666 1127 1945 1210 βλέπων.
2040 1125 2297 1190 ΔΙΟΓ.
2395 1122 2532 1190 εἶτα

414 1237 743 1302 ,τοιοῦτος
789 1228 879 1294 ὧν
925 1232 1042 1312 ζῆν
1085 1227 1364 1310 ἦθελεςς
1452 1227 1699 1295 HTJA.
1789 1229 1934 1293 ναί·
1984 1226 2114 1312 ἡδὺ
2158 1225 2281 1315 γάρ
2325 1222 2413 1310 ἦν
2456 1222 2532 1294 ‘td

449 1340 606 1416 (μῦς,
679 1331 787 1396 καὶ
853 1331 929 1398 τό
997 1331 1321 1399 τεθνάναι
1388 1329 1605 1399 δεινὸν
1674 1334 1777 1397 καὶ
1838 1336 2172 1418 φευκτέον.
2268 1332 2525 1399 ΔΙΟΓ.

445 1646 713 1718 principio
765 1665 872 1703 non
919 1650 1027 1704 huc
1074 1647 1402 1719 pertinuisse
1448 1648 1667 1702 videtur
1711 1648 1805 1702 sed
1851 1648 1917 1701 ad
1965 1647 2215 1717 superius
2253 1643 2530 1715 οὐδαμοῖς,

443 1751 537 1803 pro
594 1752 698 1804 quo
746 1735 806 1790 in
854 1736 1091 1806 margine
1137 1736 1417 1807 archetypi
1464 1735 1730 1804 scriptum
1763 1735 1926 1789 fuerit
1958 1756 2042 1808 γρ.
2088 1735 2151 1788 οὐ
2191 1732 2333 1802 δῆτα
2368 1734 2531 1803 idque

443 1837 571 1875 mox
605 1824 672 1875 ad
707 1822 956 1878 inferiora
993 1821 1122 1877 οὐδὲ
1160 1827 1325 1877 τοῦτο
1352 1823 1488 1877 male
1511 1822 1754 1877 relatum.
1916 1816 2029 1892 ἄρα
2057 1814 2178 1892 οὖν]
2207 1814 2301 1890 ἆρ’
2335 1813 2433 1874 οὖν
2459 1821 2526 1885 ⁵21,

446 1906 557 1976 ἆρα
596 1901 696 1961 οὖν
733 1914 800 1964 Φ.
949 1911 1077 1979 ἀνιᾷ
1119 1933 1175 1964 σε
1204 1911 1360 1966 ΒΟΦ
1386 1913 1441 1964 et
1458 1928 1510 1979 v,
1551 1932 1609 1964 σε
1650 1910 1777 1962 ἀνιᾶ
1797 1908 1858 1978 F,
1898 1930 1955 1963 σε
1997 1908 2194 1964 ἀνιᾶΑ
2226 1910 2323 1977 (ita
2341 1908 2430 1979 A),
2469 1930 2528 1963 σε

444 1993 607 2049 λυπεῖ
640 1995 762 2053 21M.
946 1996 1291 2051 ἀπολιπόντα
1328 1998 1604 2052 τεθνάναι
1639 1996 1831 2055 ΒῊΑῈ
1867 1998 1922 2050 et
1951 2014 1989 2051 v
2023 1997 2079 2050 et
2115 1997 2207 2066 qui
2243 1997 2335 2050 hio
2371 1998 2530 2066 atque

443 2081 581 2136 infra
632 2086 903 2137 τεθνᾶναι
944 2085 1007 2152 0,
1061 2086 1155 2139 sed
1212 2083 1559 2139 ἀπολιπόντα
1610 2080 1751 2137 Istum
1792 2082 1899 2137 <DX
1947 2085 2002 2137 ei:
2035 2084 2094 2136 in
2130 2105 2215 2153 γρ.
2257 2083 2528 2138 SOhOI.‘V.

446 2167 540 2237 qui
595 2169 705 2224 Sic:
762 2170 1109 2226 ἀπολιπόντα
1150 2212 1391 2226 .....
1399 2173 1418 2242 ]
1473 2177 1572 2241 Γρ.
1628 2170 2002 2225 ἀπολείποντα
2054 2167 2196 2224 ἰέναι
2251 2170 2528 2241 (additque

444 2272 640 2311 novem
692 2258 853 2313 verba
904 2260 1176 2328 proxima:
1234 2257 1397 2315 οὐδὲν
1446 2290 1514 2299 —
1565 2257 1934 2329 ἐνενήκοντα).
2019 2258 2109 2313 his
2157 2257 2380 2311 indiciis
2431 2273 2529 2325 ego

446 2345 680 2398 correxi:
738 2345 1083 2400 ἀπολιπόντα
1135 2352 1399 2404 κατιέναι.
1471 2363 1596 2400 nam
1631 2346 1902 2400 τεθνάναι
1938 2346 2046 2400 huc
2083 2362 2153 2399 ex
2188 2344 2530 2399 inferioribus

445 2432 508 2483 τὸ
564 2432 835 2486 τεθνάναι
881 2434 1017 2488 male
1065 2434 1276 2489 illatum
1324 2436 1409 2488 est
1451 2433 1514 2487 ab
1563 2450 1643 2501 eo,
1693 2434 1787 2502 qui
1824 2434 2062 2486 senserat
2099 2437 2241 2484 ι’ἑναι
2273 2433 2327 2484 h.
2364 2430 2400 2485 1.
2438 2431 2531 2484 ad-

448 2519 669 2573 modum
717 2520 827 2574 dici
875 2522 1117 2576 absurde.
1189 2525 1244 2575 at
1280 2527 1529 2575 κατιέναι
1572 2537 1697 2575 sane
1733 2520 1792 2573 in
1828 2519 1972 2573 huno
2008 2535 2192 2572 senem
2227 2517 2387 2586 cadit,
2437 2517 2531 2586 qui

445 2606 551 2661 fuit
601 2607 744 2662 inter
793 2610 921 2667 τοὺς
974 2609 1415 2679 ἀφικνουμένους
1467 2608 1537 2681 (c.
1576 2613 1609 2667 8
1653 2607 1812 2675 init.).
1885 2624 2041 2675 saepe
2089 2606 2236 2660 enim
2284 2609 2533 2659 κατιέναι

447 2696 534 2748 est
569 2695 644 2763 ,in
680 2712 866 2750 orcum
902 2698 1257 2766 descendere‘,
1292 2697 1447 2752 velut
1479 2698 1540 2750 in
1575 2696 1641 2749 D.
1678 2696 1835 2751 Mort.
1871 2694 2031 2763 XXI,
2072 2701 2096 2752 1
2136 2695 2192 2748 et
2226 2693 2440 2763 saepius
2475 2692 2535 2746 in

446 2780 548 2836 hoc
583 2781 704 2851 ipso
739 2784 948 2853 dialogo
984 2802 1030 2839 c.
1055 2791 1090 2844 4
1124 2785 1214 2838 fin.
1251 2788 1306 2838 et
1328 2802 1374 2839 c.
1402 2790 1435 2844 6
1458 2779 1600 2853 initi,
1636 2784 1874 2854 itemque
1912 2783 2000 2852 (de
2035 2779 2533 2850 commorientibus)

451 2890 636 2938 συγκαι
653 2876 796 2924 ιε’ναι
849 2889 1011 2941 supra
1070 2889 1115 2927 ο.
1174 2877 1205 2930 7
1263 2873 1383 2926 init.
1438 2874 1494 2926 et
1548 2875 2004 2942 συγκαταβαίνειν
2056 2886 2102 2924 c.
2152 2873 2201 2925 2.
2296 2869 2534 2921 ceterum

450 2955 715 3026 scriptura
764 2955 812 3012 ίέ
817 2982 909 3013 ναι
946 2976 1116 3029 quum
1149 2959 1345 3014 caeteri
1380 2959 1614 3013 editores
1648 2960 1846 3012 frustra
1879 2955 2064 3018 vexati
2101 2956 2231 3009 sunt
2264 2963 2382 3009 tum
2417 2957 2535 3022 ipse

446 3042 897 3101 Hemsterhusius
915 3087 929 3113 ,
998 3062 1103 3115 quo
1151 3046 1337 3116 judice
1392 3042 1535 3099 ι’ἐναι
1587 3045 1729 3099 nihil
1780 3044 1928 3098 aliud
1981 3045 2066 3097 est
2116 3043 2225 3097 nisi
2280 3042 2535 3110 ,corrupti

448 3130 652 3185 codicis
698 3133 848 3187 varia
891 3133 1087 3188 lectio‘.
1164 3134 1425 3186 τοιοῦτον
1464 3132 1662 3190 mmAF
1709 3133 1764 3186 et
1799 3150 1852 3199 v,
1905 3133 2129 3184 τοιοῦτο
2167 3130 2258 3183 ΒΟ
2307 3129 2408 3198 (ita
2447 3128 2533 3199 υ).

624 3220 951 3284 ἐνενήκοντα
978 3220 1210 3278 BofflFa
1244 3220 1403 3275 etiam
1441 3218 1609 3274 schol.
1628 3218 1696 3286 V,
1737 3219 2096 3285 ἐννενήκοντα
2134 3218 2183 3275 21
2218 3219 2273 3270 et
2307 3235 2360 3270 V.

451 3304 597 3374 εἶχον
635 3306 833 3364 <psum
880 3309 937 3362 et
970 3326 1025 3377 v,
1079 3309 1172 3362 sed
1212 3310 1346 3376 ἔχων
1382 3308 1501 3375 Bo,
1557 3307 1699 3360 unde
1736 3306 1969 3361 Cobetus
2005 3306 2083 3371 (m
2117 3305 2184 3357 V.
2222 3304 2282 3357 L.
2320 3321 2370 3373 p.
2408 3303 2536 3372 235)

450 3395 591 3456 ἔζων
644 3394 867 3463 scripsit
919 3395 1222 3464 conjectura
1276 3393 1555 3464 probabili.
1751 3393 1803 3450 ἐς
1854 3390 2188 3462 ὑπερβολὴν]
2243 3389 2317 3447 εί.-
2368 3390 2530 3459 ἔπερ·

447 3479 623 3550 βολῆν
656 3481 765 3535 AF.
946 3481 1169 3539 ἄτεκνός
1203 3504 1262 3535 τε
1303 3491 1395 3535 καὶ
1431 3485 1667 3551 προσέτι
1703 3480 1868 3549 vulgo
1903 3481 1959 3533 et
1994 3479 2074 3534 Sic
2114 3478 2277 3546 «mm,
2315 3476 2540 3535 ἄτεκνός

447 3590 508 3639 γε
556 3578 647 3621 καὶ
693 3575 928 3638 προσέτι
962 3569 1059 3622 ΒΟ
1097 3569 1199 3641 (ita
1237 3569 1325 3640 0),
1378 3568 1605 3626 ἄτεκνος
1640 3577 1731 3622 καὶ
1768 3572 2001 3637 προσέτι
2038 3566 2104 3625 21.
2177 3565 2385 3620 correxi
2426 3566 2540 3633 jam

451 3653 609 3709 olim:
648 3654 873 3714 ὅτεκιός
909 3678 965 3710 τε
1004 3662 1238 3725 προσέτι
1272 3665 1365 3710 καὶ
1401 3687 1485 3711 -.
1558 3673 1681 3710 nam
1717 3655 1813 3709 uni
1850 3655 2062 3723 inopiae
2099 3652 2245 3707 senis
2270 3652 2376 3705 tria
2398 3651 2538 3706 alius

450 3741 660 3811 generis
714 3742 851 3797 mula
894 3744 1252 3798 adnectuntur
1300 3760 1466 3813 caque
1513 3744 1656 3797 arcte
1705 3743 1846 3797 inter
1901 3758 1958 3795 se
1996 3741 2292 3809 conjuncta.
2470 3732 2540 3804 ἦν

450 3828 541 3899 τὸ]
580 3822 612 3895 ἦ
649 3831 714 3884 τὸ
758 3838 802 3882 0
840 3831 942 3901 (iia
979 3832 1065 3903 0).
1137 3832 1270 3887 item
1301 3832 1346 3887 O
1380 3833 1660 3885 τυθνᾶναι
1694 3832 1758 3883 ut
1793 3845 1968 3897 supra.
2146 3831 2415 3896 φευκτέον
2438 3826 2538 3880 ΒΟ

451 3917 599 3972 etin
633 3934 735 3972 ras,
772 3935 829 3972 m
887 3936 990 3974 roc.
1036 3925 1106 3973 Ω·
1140 3922 1195 3974 et
1240 3938 1295 3989 v,
1353 3920 1594 3988 φευκτὸν
1631 3923 1684 3969 Φ
1732 3917 1970 3984 itemque
2016 3915 2188 3970 codex
2234 3914 2404 3969 Paris.
2454 3931 2537 3983 ap.

452 4006 799 4061 Duebnerum
836 4005 913 4076 (p.
951 4005 1060 4076 69),
1117 4006 1364 4076 ἄφυκτον
1400 4008 1455 4060 et
1487 4006 1547 4060 in
1581 4022 1729 4073 marg
1762 4004 1841 4075 γρ”
1885 4002 2163 4071 ἅφευκτον
2187 4005 2254 4072 A,
2294 4001 2542 4068 ἄφυκτον

451 4094 615 4149 etiam
651 4093 759 4152 211¹.
830 4093 1050 4148 lectioni
1098 4095 1336 4162 φευκτὸν
1385 4110 1521 4163 quae
1568 4110 1600 4148 a
1633 4092 1920 4146 Duebnero
1955 4090 2101 4144 edita
2135 4092 2235 4159 est,
2288 4090 2541 4146 reclamat

450 4184 570 4252 ipse
615 4197 889 4236 numerus.
1084 4188 1274 4236 AIOI'.
1331 4198 1615 4252 personam
1664 4197 1752 4234 om
1790 4185 1859 4231 (Ι).
2058 4182 2399 4246 παραπαίεις
2447 4188 2537 4230 καὶ

451 4269 569 4337 ΒΟ,
603 4274 946 4338 παραπαίεις
982 4261 1026 4322 οἶ
1063 4273 1229 4339 γέρον
1266 4279 1356 4322 καὶ
1395 4268 1505 4337 2OE,
1541 4271 1886 4335 παραπαίεις
1923 4258 1968 4319 ὦ
2003 4270 2181 4335 γέρων
2218 4274 2309 4317 καὶ
2350 4265 2450 4317 ΦΑ
2486 4267 2542 4319 et

452 4375 492 4412 v
524 4373 714 4426 nempe
749 4374 845 4427 pro
878 4357 986 4412 isto
1023 4349 1067 4409 ὦ
1105 4360 1282 4427 γέρων
1316 4357 1492 4426 primo
1528 4356 1793 4425 scriptum
1829 4355 2002 4408 fuerat
2040 4352 2116 4407 ὢν
2152 4357 2330 4423 γέρων
2365 4352 2543 4421 glossa

453 4445 738 4501 verborum
790 4442 1085 4514 ἡλικιώτης
1138 4442 1217 4497 ὢν
1269 4443 1413 4499 haud
1463 4444 1642 4499 dubia.
1837 4441 2139 4517 μειρακεὺη
2182 4440 2231 4505 ³2(
2278 4440 2334 4493 et
2375 4456 2440 4515 pr
2473 4443 2538 4499 Ω,
