3099 5241
1290 452 1765 508 DEMONACTIS.
2130 499 2132 501 .
2428 454 2570 509 XIII

489 631 666 716 quod
708 630 1106 714 Theagenem
1152 630 1454 711 cynicum
1503 630 1690 694 domo
1736 634 2070 695 evocatum
2101 629 2339 694 Romae
2377 631 2571 713 jussit

488 736 735 800 scholas
820 735 1079 819 aperire.
1193 733 1489 799 Ceterum
1572 734 2077 804 dissertationem
2141 738 2424 798 nostram
2491 734 2569 798 de

487 841 778 925 reliquiis
834 838 1245 902 Demonactis
1306 839 1516 922 qualis
1571 838 1900 903 Rostochii
1959 859 2013 902 a.
2065 839 2233 904 1866
2289 838 2569 921 primum

488 944 658 1010 edita
703 948 820 1026 est,
863 941 1055 1006 talem
1097 942 1263 1006 infra
1305 944 1497 1026 posui
1543 941 1931 1008 verbotenus
1974 943 2323 1027 repetitam.

1350 1220 1608 1305 Caput
1661 1221 1713 1285 I.

649 1386 770 1471 De
832 1383 1293 1496 fragmentis
1357 1383 1862 1471 Demonactis
1924 1383 2397 1497 philosophi.

665 1568 970 1650 GnomaS,
1042 1587 1207 1652 quae
1275 1568 1356 1632 ad
1415 1568 1612 1632 vitam
1678 1569 1843 1634 bene
1901 1568 2209 1652 beateque
2267 1568 2579 1652 agendam

491 1675 898 1759 pertinerent,
957 1692 1089 1736 non
1152 1673 1361 1737 solum
1405 1672 1702 1738 versibus
1757 1678 1980 1758 poetae
2025 1673 2364 1738 ediderunt
2419 1693 2580 1757 gno-

490 1780 663 1861 mici,
706 1778 1004 1861 inprimis
1032 1777 1349 1861 Theognis
1381 1788 1443 1841 et
1472 1777 1872 1860 Phocylides,
1916 1796 2142 1841 verum
2187 1777 2378 1841 etiam
2422 1777 2579 1841 alias
2681 1815 2695 1827 ·

491 1885 601 1948 alii
646 1883 833 1946 multi
881 1901 1172 1946 sermone
1226 1883 1494 1967 scriptas
1553 1882 1847 1966 pedestri.
1943 1881 2231 1959 Quarum
2276 1881 2435 1946 aliae
2480 1879 2581 1964 (ut

491 2006 764 2072 gnomae
795 1991 1038 2071 septem
1069 1988 1357 2051 virorum
1403 1987 1815 2073 sapientium)
1861 1987 1974 2050 diu
2018 2006 2131 2070 per
2174 2006 2285 2050 ora
2313 1991 2581 2050 tantum

489 2092 758 2157 traditae
803 2095 976 2173 sunt,
1023 2090 1183 2155 aliae
1228 2096 1302 2155 ut
1344 2091 1869 2176 philosophorum
1915 2096 1978 2154 et
2019 2092 2347 2156 rhetorum
2390 2091 2581 2155 etiam

489 2198 691 2263 literis
736 2196 1166 2279 consignatae.
1274 2196 1365 2259 At
1411 2216 1615 2280 quum
1663 2197 1816 2260 satis
1863 2200 2129 2279 constet,
2190 2200 2581 2280 quantopere

489 2301 593 2366 vel
657 2304 799 2386 ipse
863 2300 1182 2383 Theognis
1247 2300 1674 2384 interpolatus
1740 2301 1858 2364 sit:
1932 2300 2090 2384 quid
2156 2299 2416 2364 tandem
2481 2300 2582 2362 his

491 2406 1019 2492 philosophorum
1086 2405 1421 2469 sententiis
1501 2405 1810 2469 accidisse
1882 2403 2302 2488 putabimus?
2414 2403 2582 2467 Nam

493 2513 611 2576 hae
659 2509 923 2595 quidem
967 2514 1031 2573 et
1073 2529 1308 2593 genere
1353 2513 1484 2573 toto
1528 2509 1756 2573 breves
1813 2509 2198 2573 exstiterunt
2252 2513 2314 2574 et
2375 2508 2584 2572 soluta

488 2618 621 2683 fere
688 2615 971 2680 oratione
1040 2616 1313 2699 scriptae
1382 2619 1444 2680 et
1500 2615 1572 2678 in
1635 2617 2010 2698 argumento
2071 2613 2294 2679 eodem
2360 2633 2583 2678 omnes

497 2726 785 2787 versatae
837 2720 1112 2805 ideoque
1158 2721 1321 2784 aliae
1377 2719 1519 2783 aliis
1565 2718 1924 2783 simillimae
1977 2720 2282 2784 fuerunt·
2358 2717 2585 2802 Itaque

500 2843 630 2891 non
664 2844 818 2891 sane
849 2824 1215 2888 mirandum
1246 2829 1363 2906 est,
1410 2823 1586 2908 quod
1618 2823 1871 2888 easdem
1911 2844 2178 2908 gnomas
2221 2829 2352 2887 tam
2399 2843 2586 2907 saepe

492 2952 629 2995 non
674 2931 792 2995 uni
838 2930 950 2994 sed
1007 2928 1304 3013 pluribus
1360 2928 1753 3017 philosophis
1808 2928 2006 2992 tribui
2051 2929 2366 2993 videmus.
2458 2927 2584 2992 Sed

494 3037 564 3100 in
627 3054 850 3100 eorum
908 3033 1436 3118 philosophorum
1495 3051 1783 3116 numere,
1846 3052 2124 3116 quorum
2181 3051 2453 3117 gnomae
2513 3033 2585 3094 in

495 3142 710 3205 lucem
778 3139 984 3204 editae
1063 3142 1247 3220 sunt,
1325 3139 1518 3202 etiam
1584 3136 1925 3202 Demonax
1989 3156 2224 3221 genere
2292 3136 2585 3224 CypriuS,

504 3245 762 3309 civitate
818 3242 1238 3308 Atheniensis
1297 3242 1637 3307 ducendus
1693 3246 1804 3307 est.
1896 3242 1997 3305 Ac
2053 3241 2383 3306 Lucianus
2444 3242 2585 3324 qui-

498 3350 645 3414 dem
709 3350 782 3412 in
826 3347 981 3411 Vita
1033 3346 1445 3411 Demonactis
1502 3366 1556 3410 c.
1620 3348 1898 3412 12-62
1962 3345 2072 3409 fin.
2142 3346 2315 3410 haud
2381 3365 2588 3430 pauca
2659 3405 2670 3416 ,

497 3454 692 3537 hujus
737 3452 1100 3537 philosophi
1154 3455 1341 3516 acute
1398 3451 1569 3515 dicta
1612 3451 1897 3535 protulit,
1955 3470 2122 3535 quae
2177 3455 2251 3515 ut
2307 3450 2585 3515 multum
2619 3511 2639 3542 ο

495 3557 737 3623 habent
802 3556 1214 3638 urbanitatiS,
1293 3556 1384 3620 ita
1462 3556 1929 3641 philosophiam
1993 3557 2201 3640 ipsam
2267 3575 2410 3648 raro
2479 3554 2588 3617 ad-

498 3664 778 3747 tingunt.
887 3660 1015 3726 Sed
1071 3665 1395 3745 praeterea
1455 3660 1616 3725 aliae
1663 3660 1978 3744 quaedam
2022 3661 2309 3741 ejusdem
2351 3659 2589 3724 Demo-

497 3767 705 3831 nactis
782 3751 1136 3832 sententiae
1217 3769 1473 3829 exstant
1549 3764 1922 3849 philosopho
2000 3769 2063 3828 et
2144 3783 2218 3828 eo
2294 3762 2588 3846 Epicteti,

501 3871 831 3953 Demetrii,
888 3870 1261 3935 Timocratis
1318 3870 1580 3934 alumno
1639 3869 1993 3955 dignioreS,
2063 3867 2141 3931 de
2209 3885 2337 3951 quo
2392 3865 2589 3931 altero

501 3977 817 4041 dictorum
860 3994 1096 4061 genere
1139 3993 1319 4038 nunc
1372 3975 1599 4058 paucis
1655 3992 1991 4058 exponam.
2085 3970 2377 4048 Quorum
2430 3990 2591 4034 non-

501 4081 683 4145 nulla
725 4081 784 4144 J.
833 4080 899 4145 C.
950 4080 1228 4144 Orellius
1272 4077 1368 4163 (in
1418 4078 1764 4163 Opusculis
1811 4078 2027 4143 Graec.
2075 4082 2268 4141 veter.
2318 4080 2587 4141 sentent.

502 4191 566 4249 et
607 4184 823 4249 moral.
869 4185 936 4248 T.
982 4184 1046 4248 II
1090 4205 1150 4269 p.
1204 4181 1330 4249 144
1377 4183 1546 4269 sqq.)
1591 4203 1676 4248 ex
1720 4184 2005 4247 Antonio
2052 4185 2265 4246 sumta
2308 4199 2391 4245 ne
2435 4181 2592 4245 haec

505 4290 766 4373 quidem
839 4290 1056 4353 omnia
1124 4290 1516 4374 composuit,
1595 4288 1845 4373 reliqua
1922 4286 2292 4371 complecti,
2370 4290 2445 4350 ut
2520 4286 2591 4348 in
2657 4277 2672 4292 ⁰

503 4386 773 4458 Praefat.
820 4392 883 4457 II
925 4415 984 4478 p.
1030 4371 1183 4458 vill
1227 4394 1367 4477 ipse
1422 4393 1747 4478 professus
1793 4396 1908 4475 est,
1967 4411 2181 4476 neque
2225 4390 2431 4454 voluit
2472 4408 2595 4453 nec
