3099 5241
1364 439 1621 491 ΤΙΜΩΝ.
2375 415 2413 483 1
2428 414 2466 484 7
2480 413 2520 484 7

445 611 491 696 ἢ
557 618 808 696 ἑταῖρος
880 608 925 695 ἢ
984 609 1209 677 Ἐλέου
1269 608 1519 695 βωμὸς,
1592 610 1800 685 ὕθλος
1867 612 1905 652 '¹‘
1969 609 2197 688 πολύς·
2282 615 2388 680 καὶ
2453 612 2529 681 τὸ
2568 625 2670 681 155

451 718 756 801 οἰκτεῖραι
815 711 1182 800 δακρύοντα
1239 713 1284 798 ἢ
1331 719 1756 800 ἐπικουρῆσαι
1803 714 2092 805 δεομένῳ
2137 718 2529 805 παρανομία

449 821 555 885 καὶ
599 817 942 894 κατάλυσις
985 825 1117 885 τῶν
1159 824 1357 884 ἐθῶν·
1407 815 1710 905 μονήρης
1757 817 1826 884 δὲ
1869 818 1910 903 ἡ
1964 819 2179 887 δίαιτα
2222 821 2531 909 καθάπερ

447 936 585 1000 τοῖς
628 922 839 998 λύκοις
883 923 990 988 καὶ
1034 923 1218 1008 φίλος
1263 919 1352 997 εἷς
1386 922 1638 1008 Τίμων.
1709 925 1811 992 43.
1860 928 1925 989 οἱ
1970 924 2040 991 δὲ
2084 924 2264 992 ἄλλοι
2288 924 2534 1003 ’πάντες

451 1029 674 1117 ἐχθροὶ
729 1029 836 1094 καὶ
893 1027 1249 1114 ἐπίβουλοι·
1320 1029 1427 1093 καὶ
1483 1023 1560 1093 τὸ
1620 1029 2112 1113 προσομιλῆσαί
2150 1055 2275 1096 τινι
2320 1030 2535 1099 αὐτῶν

448 1132 741 1218 μίασμα·
812 1133 918 1197 καὶ
975 1130 1065 1215 ἦν
1122 1155 1268 1197 τινα
1334 1130 1445 1196 ἴδω
1501 1129 1742 1216 μόνον,
1816 1130 2124 1218 ἀποφράς
2182 1133 2222 1217 ἢ
2287 1132 2526 1221 ἡμέρα.

449 1237 557 1302 καὶ
641 1237 800 1310 ὅλως
867 1234 1269 1322 ἀνδριάντων
1338 1235 1609 1301 λιθίνων
1673 1233 1717 1320 ἦ
1783 1238 2023 1325 χαλκῶν
2089 1236 2305 1322 μηδὲν
2367 1236 2535 1323 ἡμῖν

453 1339 955 1428 διαφερέτωσαν·
1024 1341 1133 1405 καὶ
1188 1336 1361 1425 μήτε
1415 1337 1661 1426 κήρυκα
1721 1338 2066 1430 δεχώμεθα
2112 1347 2273 1427 παρ’
2322 1342 2537 1409 αὐτῶν

450 1442 623 1530 μήτε
689 1441 985 1519 σπονδάς
1053 1441 1528 1531 σπενδώμεθα·
1598 1443 1640 1528 ἡ
1713 1444 1951 1530 ἐρημιά
2021 1445 2090 1511 δὲ
2157 1447 2307 1533 ὄρος
2374 1451 2536 1514 ἔστω

451 1548 618 1636 πρὸς
664 1547 925 1624 αὐτούς.
1020 1550 1284 1635 φυλέται
1330 1548 1398 1614 δὲ
1443 1550 1548 1614 καὶ
1594 1547 1913 1635 φράτορες
1956 1551 2063 1615 καὶ
2110 1548 2396 1635 δημόται
2432 1552 2537 1616 καὶ

452 1651 493 1739 ἡ
556 1654 790 1740 πατρὶς
845 1651 1010 1736 αὕτη
1070 1650 1283 1741 ψυχρά
1329 1652 1435 1718 καὶ
1481 1650 1779 1739 ἀνωφελῆ
1828 1649 2128 1738 ὀνόματα
2175 1656 2282 1719 καὶ
2329 1653 2538 1739 ἀνοή-

452 1781 583 1823 των
628 1754 886 1841 ἀνδρῶν
930 1754 1447 1843 φιλοτιμήματα.
1524 1757 1878 1823 πλουτείτω
1926 1757 1997 1823 δὲ
2053 1757 2284 1843 Τίμων
2325 1756 2537 1844 μόνος

454 1861 561 1926 καὶ
607 1858 987 1947 ὑπεροράτω
1034 1858 1371 1939 ἁπάντων,
1438 1862 1542 1927 καὶ
1587 1858 1889 1948 τρυφάτω
1934 1857 2145 1947 μόνος
2187 1861 2336 1928 καθ’
2385 1870 2539 1929 ἑαυ-

455 1963 575 2031 τὸν
618 1965 948 2042 κολακείας
991 1966 1098 2031 καὶ
1145 1964 1428 2031 ἐπαίνων
1474 1972 1797 2052 φορτικῶν
1844 1964 2366 2055 ἀπηλλαγμένος,
2432 1967 2538 2033 καὶ

455 2077 640 2145 θεοῖς
683 2072 900 2136 θυέτω
946 2070 1051 2135 καὶ
1099 2068 1459 2157 εὐωχείσθω
1505 2068 1741 2157 μόνος,
1814 2071 1852 2111 '¹‘
1912 2077 2118 2159 ἑαυτῷ
2160 2069 2384 2161 γείτων
2430 2071 2537 2137 καὶ
2578 2081 2678 2135 156

457 2175 702 2261 ὅμορος
763 2172 848 2240 ὧν
911 2173 1057 2249 ἐκάς
1113 2180 1244 2240 τῶν
1301 2172 1566 2240 dmm.-
1645 2174 1754 2240 καὶ
1811 2175 1987 2251 ἅπαξ
2045 2172 2278 2242 ἑαυτὸν
2327 2173 2542 2252 δεξιώ-

460 2287 710 2347 σασθαι
767 2275 1084 2367 δεδόχθω,
1143 2278 1230 2361 ἢν
1275 2278 1389 2367 δέη
1435 2277 1835 2358 ἀποθανεῖν,
1897 2280 2003 2345 καὶ
2049 2286 2253 2368 ἑαυτῷ
2302 2281 2540 2365 στέφα-

457 2409 572 2449 νον
619 2389 1001 2472 ἐπενεγκεῖν.
1095 2384 1198 2450 44.
1257 2384 1362 2449 καὶ
1409 2382 1628 2468 ὄνομα
1673 2387 1797 2471 μὲν
1845 2387 2003 2450 ἔστω
2051 2383 2086 2450 ὁ
2127 2382 2540 2470 Μισάνθρω-

456 2513 583 2562 πος
639 2487 935 2571 ἥδιστον,
994 2492 1116 2554 τοῦ
1174 2484 1428 2572 τρόπου
1488 2486 1557 2553 δὲ
1613 2487 2037 2577 γνωρίσματα
2085 2488 2389 2556 δυσκολία
2432 2490 2538 2554 καὶ

454 2589 770 2682 τραχύτης
836 2592 941 2658 καὶ
1011 2588 1314 2678 σκαιότης
1379 2591 1484 2658 καὶ
1552 2589 1710 2681 ὀργῆ
1772 2592 1879 2658 καὶ
1935 2592 2412 2680 ἀπανθρωπία·
2484 2596 2544 2660 εἰ

458 2697 529 2763 δέ
593 2723 739 2763 τινα
801 2697 1008 2784 ἴδοιμι
1078 2704 1150 2764 ἐν
1207 2698 1366 2783 πυρὶ
1437 2694 1995 2784 διαφθειρόμενον
2061 2702 2104 2741 ⁴*
2169 2699 2276 2763 καὶ
2335 2722 2536 2764 κατα-
2576 2704 2675 2759 157

457 2910 560 2963 teri
594 2909 721 2963 libri
756 2912 811 2964 et
844 2928 891 2974 v,
939 2909 1080 2979 quod
1114 2909 1199 2962 vix
1246 2924 1307 2962 ae
1340 2926 1408 2962 ne
1432 2894 1528 2962 'vix
1565 2909 1776 2979 quidem
1823 2909 2034 2964 defendi
2067 2911 2260 2978 potest.
2422 2905 2536 2962 οἶκ-

455 2996 659 3065 τεῒραι]
700 2991 1024 3065 οἶκτερῆσαι
1058 2995 1121 3049 Ρ.
1274 2994 1387 3047 τῶν
1425 2993 1578 3048 ἐθῶν
1633 2996 1849 3054 ΨΩΩΞΡ
1897 2999 1953 3050 et
1984 3014 2031 3060 v,
2082 2995 2248 3049 habet
2293 2995 2452 3049 etiam
2493 2998 2538 3046 Ο

459 3083 554 3136 sed
586 3084 688 3138 hoc
723 3083 932 3138 ordine:
985 3078 1276 3139 κατάλυσις
1319 3082 1434 3135 τῶν
1483 3079 1637 3134 ἐθῶν
1683 3089 1776 3134 καὶ
1811 3085 2155 3152 παρανομία,
2213 3099 2394 3136 verum
2428 3080 2539 3133 τῶν

460 3167 645 3222 ἐθνῶν
679 3169 828 3234 ΑῩᾶ,
864 3168 976 3222 τῶν
1012 3167 1161 3237 ἐμῶν
1194 3170 1259 3230 R,
1309 3169 1423 3221 τῶν
1458 3166 1623 3235 ἠθῶν
1670 3169 1831 3223 codex
1870 3170 2047 3224 Fabri.
2119 3169 2364 3238 vulgatae
2399 3168 2541 3223 favet

458 3257 659 3311 usitata
694 3257 872 3311 atticis
910 3257 1211 3325 conjunctio
1245 3256 1521 3310 verborum
1562 3254 1733 3323 νόμος
1767 3263 1860 3309 καὶ
1898 3255 2024 3323 ἔθη.
2102 3256 2152 3310 si
2187 3256 2316 3326 quid
2360 3259 2539 3310 tamen

457 3343 769 3397 mutandum
804 3344 891 3408 sit,
925 3344 1128 3413 possis:
1166 3341 1278 3394 τῶν
1314 3342 1563 3411 θεσμῶν.

597 3435 683 3488 43.
758 3429 958 3498 αὐτῶν]
1000 3428 1170 3482 αὐτὸν
1205 3446 1249 3484 c.
1392 3427 1462 3497 ἤν
1495 3429 1887 3495 ΑΝΟΩΞΨΡΒ,
1928 3430 1986 3483 εἶ’
2010 3432 2058 3482 Ω
2095 3433 2151 3484 et
2179 3448 2226 3485 v.
2372 3426 2538 3497 δὲχῶ-

459 3519 615 3586 μεθα
652 3517 699 3572 Α
732 3517 831 3586 (ita
846 3515 935 3584 A),
978 3512 1260 3585 δεχόμεθα
1280 3518 1345 3567 Ω.
1491 3517 1636 3585 πρὸς
1672 3515 1889 3585 αὐτοὺς]
1926 3514 2054 3584 παρ’
2098 3514 2295 3573 αὖτοὺς
2329 3516 2398 3570 R.

463 3602 704 3673 φυληται
743 3607 806 3656 0.
951 3602 1134 3673 ψυχρὰ
1172 3632 1240 3641 --
1279 3601 1553 3671 ὀνόματα]
1598 3604 1711 3658 vido
1742 3604 2134 3673 Schwidopium
2169 3601 2324 3658 ObSS.
2344 3604 2472 3660 Luc.
2511 3603 2540 3656 I

460 3710 510 3763 p.
548 3695 633 3750 30.
705 3688 915 3761 ψυχρός
949 3691 1013 3745 de
1047 3708 1106 3745 re
1138 3708 1273 3745 vana
1319 3690 1426 3744 dici
1460 3691 1598 3744 soleta
1637 3691 1879 3760 figurate.
2023 3690 2150 3744 libri
2185 3707 2364 3743 omnes
2401 3687 2536 3742 εὗω·

458 3783 637 3847 χεέτω,
678 3779 773 3833 sed
808 3776 1123 3844 εὐωχείσθω
1160 3778 1333 3831 Faber
1365 3778 1499 3832 bene
1533 3778 1793 3847 restituit.
1865 3778 2033 3832 erravi
2069 3793 2165 3846 ego
2200 3776 2258 3829 in
2294 3776 2536 3841 Quaestt.

461 3867 521 3921 L.
543 3884 595 3936 p.
617 3868 735 3923 206.
877 3865 1004 3919 libri
1038 3882 1216 3919 omnes
1247 3861 1458 3933 ὅμορος
1501 3862 1727 3917 ἐκσείων
1743 3864 2006 3919 mendose.
2078 3863 2249 3917 Faber
2281 3864 2538 3932 probante

460 3952 866 4007 Hemsterhusio
901 3951 1152 4021 conjecit:
1202 3948 1411 4019 ὅμορος
1458 3951 1586 4007 ἑκὰς
1635 3949 1711 4004 ὢν
1744 3980 1829 4002 -.
1906 3950 2044 4020 quod
2083 3950 2298 4003 interim
2343 3950 2421 4003 ita
2455 3968 2538 4004 re-

462 4040 579 4110 cepi
613 4042 675 4093 ut
706 4042 1130 4108 transponerem:
1169 4036 1378 4106 ὅμορος
1414 4035 1506 4099 ὢν,
1548 4037 1675 4095 ἑκὰς
1691 4068 1775 4090 --.
1920 4038 2047 4091 libri
2081 4033 2119 4105 ἢ
2156 4034 2323 4103 αὐτῷ.
2397 4040 2541 4092 reete

461 4143 583 4181 vero
617 4125 1057 4181 Hemsterhusius
1094 4126 1412 4180 emendavit:
1450 4132 1540 4176 καὶ
1578 4125 1774 4191 ἑαυτῷ.

600 4217 683 4269 44.
758 4208 998 4265 δύσκολα
1033 4230 1080 4267 a.
1235 4208 1415 4279 ἴδοιμι
1452 4210 1531 4280 ε’ν]
1573 4208 1793 4279 ἴδοιμεν
1827 4213 1892 4266 R.
2055 4207 2542 4280 διαφθειρόμενον

462 4300 566 4354 abd
601 4303 656 4354 θῒ,
688 4318 736 4365 v,
774 4297 810 4366 ἢ
847 4295 1332 4368 διαφθειρόμενον
1368 4316 1411 4363 c,
1448 4295 2079 4368 καταδιαφθειρόμενον
2100 4297 2536 4355 AosmffiPRL.

464 4387 899 4458 quemadmodum
932 4403 1093 4457 supra
1127 4387 1158 4453 ἕ
1195 4389 1263 4442 36
1297 4385 1416 4439 init.
1493 4381 1837 4455 διαφθείρας
1872 4388 1927 4440 et
1952 4387 2339 4454 καταφθείρας
2371 4384 2539 4439 varia—

514 4477 697 4518 Lueian.
726 4476 805 4524 111,
834 4477 874 4519 1.
2059 4473 2125 4527 12
