3099 5241
547 413 846 471 LXXXIV
1352 415 1451 472 DE
1502 415 1835 473 NUMERIS

549 591 628 657 de
650 590 1010 658 Pindaricis
1024 590 1084 677 *)
1126 592 1385 676 quidem
1432 595 1722 657 numeris
1768 600 1830 657 et
1874 600 2205 679 poetarum
2238 597 2638 660 scenicorum

548 696 795 781 ubique
841 699 994 760 satis
1039 704 1322 762 constat:
1398 698 1718 782 quomodo
1775 699 2034 763 tandem
2057 699 2216 763 ·fieri
2260 702 2509 784 poterit,
2567 705 2641 764 ut

549 821 843 886 unquam
909 804 1164 867 numeri
1230 804 1651 867 inveniantur
1716 804 2020 867 orationis
2089 804 2381 869 solutae?
2468 803 2639 886 Noli,

553 924 816 989 (1118680,
877 907 1002 971 ista
1046 925 1375 990 quaerere,
1437 908 1549 971 sed
1596 925 1824 991 operae
1869 913 1933 972 et
1976 910 2246 992 tempori
2288 928 2504 993 parce,
2559 926 2642 972 ne

548 1008 903 1074 laureolam
979 1013 1305 1095 quaesisse
1378 1012 1655 1076 videaris
1721 1012 1792 1076 in
1859 1012 2225 1075 mustaceo.‘
2327 1011 2453 1077 His
2525 1030 2642 1096 ego

555 1114 827 1179 vocibus
901 1115 982 1179 ab
1056 1115 1289 1181 edendi
1364 1117 1631 1182 consilio
1704 1122 1844 1181 tum
1917 1116 2253 1181 deterritus
2319 1136 2486 1199 sum,
2558 1135 2642 1181 ne

553 1221 882 1293 communi
947 1240 1154 1304 paene
1218 1221 1686 1306 philologorum
1750 1221 1997 1285 invidia
2055 1228 2361 1304 tanquam
2425 1221 2642 1304 aliquo

555 1324 858 1389 incendio
923 1324 1400 1410 conflagrarem,
1468 1332 1531 1391 et
1592 1327 1745 1390 satis
1802 1325 2002 1389 habui
2058 1344 2162 1389 me
2206 1325 2414 1389 solum
2461 1326 2641 1406 scire,

555 1429 729 1513 quod
788 1430 1120 1494 etiamtum
1168 1429 1344 1494 solus
1391 1430 1690 1495 sciebam.
1783 1430 2108 1493 Postremo
2152 1435 2365 1493 tamen
2411 1430 2478 1493 in
2524 1430 2644 1494 hac

552 1532 884 1598 literarum
950 1542 1313 1599 nostrarum
1380 1536 1525 1599 luce
1593 1554 1725 1599 non
1793 1534 2039 1598 diutius
2100 1533 2445 1598 tacendum
2505 1551 2644 1598 esse

557 1637 720 1701 duxi
780 1639 894 1703 sed
949 1641 1201 1723 speravi
1246 1639 1478 1704 edendi
1523 1638 1860 1703 audaciam
1904 1657 2009 1702 me
2051 1639 2321 1722 impune
2363 1637 2646 1702 laturum

553 1761 712 1807 esse.
808 1740 980 1819 Quin
1029 1745 1222 1809 etiam
1267 1749 1334 1807 at
1381 1746 1657 1826 juvenes
1701 1742 2056 1827 philologos
2102 1744 2182 1806 ad
2230 1742 2389 1806 haec
2433 1742 2647 1807 studia

554 1847 947 1931 capessenda
989 1848 1375 1931 adhortarer,
1420 1869 1476 1912 a.
1508 1849 1679 1915 1875
1710 1867 1746 1912 6
1788 1847 2094 1912 fasciculo
2128 1846 2646 1911 dissertationum

555 1970 845 2015 mearum
893 1951 1057 2036 elegi
1101 1953 1504 2018 veterrimam
1548 1953 1612 2015 11.
1647 1972 1700 2017 6.
1750 1952 1928 2016 1118111
1972 1954 2179 2037 ipsam
2228 1952 2325 2034 ,de
2362 1953 2648 2016 numeris

558 2056 862 2120 orationis
929 2056 1215 2122 solutae‘.
1317 2057 1484 2122 Nam
1545 2059 1771 2140 jussus
1836 2053 2031 2121 eram'
2075 2056 2428 2140 philologos
2495 2054 2650 2120 Ger-

556 2160 811 2225 maniae
840 2158 1170 2225 Rostochii
1209 2169 1626 2247 congregatos
1658 2161 1972 2226 benevola
2001 2161 2344 2244 scriptione
2375 2160 2649 2224 salutare

555 2263 948 2349 illorumque
991 2267 1279 2331 virorum
1335 2268 1620 2332 societati
1674 2268 1813 2351 ipse
1867 2283 2177 2350 praeesse.
2268 2263 2448 2329 Haec
2489 2262 2650 2327 mihi

554 2368 942 2434 videbantur
984 2371 1331 2454 praefanda
1374 2390 1532 2437 6886.

1401 2597 1667 2684 Caput
1719 2595 1800 2661 V.

856 2857 861 2861 ,
938 2764 1061 2849 Ι)6
1125 2763 1477 2851 numeris
1541 2762 1915 2848 orationis
1979 2762 2283 2848 solutae

1214 2918 1660 3007 dissertatio
1722 2916 1999 3032 prima.

739 3100 928 3179 Quod
972 3102 1055 3167 ad
1096 3122 1404 3168 numeros
1452 3103 1756 3169 orationis
1803 3101 2047 3166 solutae
2089 3099 2382 3184 pertinet,
2425 3098 2653 3163 horum

563 3208 813 3292 primus
886 3211 1110 3272 auctor
1172 3207 1687 3290 Thrasymachus
1757 3205 1884 3269 fuit
1967 3203 2469 3286 CalchedoniuS,
2556 3203 2654 3267 uti

562 3311 813 3375 Tullius
866 3313 936 3375 in
999 3310 1257 3376 Oratore
1316 3332 1370 3376 c.
1421 3313 1503 3377 13
1562 3317 1625 3375 et
1668 3329 1722 3373 c.
1770 3311 1857 3375 52
1918 3309 2148 3373 diserte
2206 3314 2475 3373 testatus
2536 3314 2652 3390 est,

568 3434 849 3500 quocum
891 3416 1268 3481 Aristoteles
1312 3418 1383 3480 in
1425 3416 1682 3481 Rhetor.
1728 3413 1847 3497 III,
1892 3415 1931 3479 8
1978 3415 2338 3478 consentire
2379 3412 2650 3477 videtur.

563 3519 664 3584 Ita
725 3522 900 3585 enim
963 3521 1212 3585 Tullius
1278 3540 1551 3585 errorem
1633 3539 1830 3584 suum
1908 3517 2073 3584 bene
2154 3518 2459 3600 correxit,
2540 3518 2654 3602 qui

565 3629 753 3689 antea
794 3645 924 3689 non
973 3625 1169 3690 semel
1215 3623 1335 3707 (De
1381 3624 1554 3689 Orat.
1599 3624 1724 3707 ΠΙ,
1767 3623 1856 3688 44
1901 3629 1965 3687 et
2006 3625 2077 3687 in
2122 3622 2304 3687 Brut.
2353 3623 2422 3705 8)
2469 3622 2656 3706 quasi

565 3729 920 3814 principem
978 3730 1357 3795 inveniendi
1413 3730 1580 3794 male
1638 3730 2036 3793 nominasset
2077 3726 2439 3792 Isocratem.
2527 3725 2655 3790 Ita-

706 3935 761 4006 *)
798 3935 934 4006 Legi
981 3952 1080 4005 ego
1125 3935 1217 3991 1118
1265 3935 1405 4006 ipsis
1453 3936 1646 3991 diebus
1696 3936 1831 3990 duas
1864 3933 1998 3990 alias
2032 3933 2175 3989 811118
2209 3933 2318 3988 viri
2354 3934 2421 3988 de
2453 3932 2654 3989 libellis

565 4021 870 4078 Pindaricis
906 4039 1178 4091 censurae,
1216 4023 1416 4092 quibus
1453 4022 1700 4077 censuris
1734 4022 1865 4077 novi
1900 4021 2164 4092 rhythmi,
2200 4021 2486 4091 graecismi
2508 4020 2653 4090 novi,

568 4125 738 4165 novae
773 4109 1195 4179 depravationeS,
1246 4125 1383 4165 nova
1433 4110 1666 4179 denique
1703 4109 1882 4164 omnia
1917 4109 2275 4165 continentur.
2349 4108 2516 4179 Cujus
2550 4109 2654 4162 im·

566 4197 823 4266 pudentia
857 4195 1094 4251 censoris
1127 4194 1271 4250 nihil
1303 4195 1525 4265 propius
1561 4198 1765 4251 factum
1800 4198 1899 4265 est,
1938 4213 2100 4266 quam
2134 4197 2198 4250 ut
2230 4195 2336 4249 iste
2362 4192 2657 4249 Pindarum

566 4284 670 4339 τὸν
716 4284 992 4356 φεύγοντα
1026 4286 1307 4338 Βοιωτίαν
1356 4274 1421 4337 ὗν
1468 4282 1687 4339 Circaeo
1735 4283 1966 4352 quodam
2012 4280 2205 4353 poculo
2249 4280 2310 4334 in
2354 4282 2657 4336 monstrum

569 4372 917 4427 converteret.
988 4368 1224 4425 Difficile
1259 4370 1361 4440 est,
1397 4370 1634 4424 saturam
1667 4385 1775 4425 non
1812 4369 2063 4425 scribere.
