3099 5241
583 407 710 474 160
1398 409 1849 461 ΛοτΚιΑΝοφ

576 576 744 646 dolui,
799 578 943 647 quod
988 578 1315 635 Herwerden
1368 581 1463 650 qui
1515 570 1714 635 fibram
1762 580 1924 649 ,P1ut.
1974 582 2030 634 et
2077 578 2362 634 Lucianea‘
2410 594 2517 633 non
2564 594 2662 632 sua

571 664 742 719 unius
776 682 937 720 causa
971 667 1235 736 scriptum
1268 668 1455 737 edidit,
1491 669 1560 722 de
1584 667 1840 722 Marciani
1876 666 2106 721 lectione
2142 683 2299 735 saepe
2326 682 2389 720 ea
2426 665 2659 734 scripsit,

501 778 505 783 ·
577 767 712 821 quae
759 757 854 807 aut
898 756 1076 823 aperte
1121 750 1257 809 ‘falsa
1304 755 1416 809 sint
1461 758 1556 810 aut
1605 755 1769 810 nimis
1813 755 2064 825 ambigua
2099 757 2194 809 aut
2227 754 2381 823 plane
2417 753 2656 809 obscura,

578 840 829 894 Attamen
879 839 1038 896 laudo
1090 843 1308 911 factum,
1375 843 1519 913 quod
1577 841 1903 896 Herwerden
1965 844 2089 912 post
2152 840 2659 895 Sommerbrodtium

497 962 512 979 .
577 942 685 980 non
735 927 1007 983 dubitavit
1057 929 1287 983 eundem
1340 930 1583 985 codicem
1634 930 1833 983 iterum
1879 923 2162 983 excutere:
2217 930 2274 983 et
2321 927 2536 985 omnino
2584 927 2661 979 ita
2714 949 2721 953 ·

570 1014 758 1082 judico
793 1032 1234 1085 unumquemque
1260 1017 1503 1072 codicem
1524 1034 1634 1072 non
1657 1017 1823 1071 semel
1845 1017 1941 1071 sed
1966 1017 2053 1070 bis
2075 1019 2263 1084 terque
2287 1014 2661 1069 conferendum

577 1116 714 1155 esse.
795 1101 983 1170 Itaque
1035 1120 1104 1157 ex
1155 1104 1333 1158 animo
1386 1104 1638 1173 equidem
1691 1104 1932 1173 gaudebo
1947 1144 1961 1172 ‚
2015 1103 2065 1157 si
2112 1102 2437 1173 Herwerden
2479 1104 2662 1171 postea

580 1186 761 1256 plures
796 1187 1024 1243 Luciani
1060 1191 1274 1245 codices
1320 1190 1594 1260 explorare
1642 1189 1874 1245 voluerit
1919 1193 1974 1244 et
2018 1190 2079 1244 in
2125 1192 2272 1244 tanta
2304 1204 2362 1242 re
2398 1188 2660 1243 Sommer-

581 1274 758 1327 brodti
793 1276 1101 1345 exemplum
1138 1276 1244 1331 sibi
1280 1278 1349 1331 ad
1382 1278 1736 1331 imitationem
1771 1282 2097 1347 proponere.‘
2147 1277 2252 1331 Sed
2287 1279 2350 1330 ut
2376 1276 2443 1330 ad
2465 1275 2661 1329 librum

579 1359 943 1417 Mutinensem
991 1366 1244 1433 revertar,
1291 1364 1430 1418 mihi
1467 1365 1687 1434 quidem
1721 1365 1780 1419 in
1811 1365 2028 1434 Cataplo
2062 1365 2226 1434 hujus
2262 1363 2468 1418 codicis
2501 1379 2662 1417 usum

579 1450 803 1518 urgente
854 1452 1137 1519 typotheta
1189 1452 1326 1506 scito
1378 1452 1602 1505 minime
1648 1468 1966 1506 concessum
2013 1467 2148 1506 esse.
2218 1450 2510 1504 Enimvero
2558 1466 2663 1503 non

580 1538 664 1590 est
715 1537 853 1590 mihi
906 1538 1060 1607 tanti,
1115 1538 1163 1592 si
1208 1539 1366 1593 modo
1413 1539 1538 1593 aliis
1585 1538 1794 1593 criticis
1838 1556 1964 1593 cum
2010 1538 2287 1593 literarum
2333 1538 2514 1591 fructu
2552 1536 2663 1604 jam

579 1640 723 1677 nunc
757 1625 860 1678 hoc
894 1625 979 1679 uti
1016 1626 1201 1680 codice
1235 1626 1440 1680 licebit.
1511 1625 1653 1679 Nam
1687 1624 2173 1682 Sommerbrodtius
2208 1625 2493 1679 diuturnae
2530 1639 2663 1692 quae

579 1710 722 1765 inter
767 1727 864 1765 nos
911 1716 996 1767 est
1029 1713 1300 1767 amicitiae
1336 1711 1618 1767 cumulum
1652 1713 1863 1767 addidit
1895 1715 2214 1769 tiansmissa
2246 1713 2313 1766 ad
2349 1728 2436 1765 me
2470 1710 2661 1780 impri-

581 1799 762 1852 mendi
797 1816 958 1853 causa
992 1817 1091 1854 sua
1114 1801 1318 1855 codicis
1342 1799 1672 1853 Mutinensis
1696 1799 1994 1856 collatione.
2065 1802 2217 1855 Hanc
2241 1801 2412 1870 igitur
2435 1798 2663 1854 servatis

580 1885 782 1955 ubique
816 1887 954 1955 ipsis
991 1886 1408 1942 Sommerbrodti
1445 1887 1625 1941 verbis
1661 1886 1799 1941 infra
1833 1888 2009 1956 posui,

1556 2059 1900 2118 Κατοὶπὶονς.

1096 2149 1194 2203 Ed.
1229 2148 1427 2203 Teubn.
2056 2148 2182 2205 Cod.
2217 2148 2353 2202 Mut.

1143 2252 1189 2288 a.
1232 2240 1382 2294 1852.

585 2339 631 2377 c.
678 2326 725 2379 1.
798 2320 1089 2391 ἀναγωγὴν
1738 2321 2042 2393 ἀναγωγὴν,
2083 2338 2345 2391 suprascr.
2387 2318 2668 2375 ἀνάπλουν

791 2414 1116 2476 πορθμεῖον
1729 2413 2029 2477 πορθμέων

792 2496 856 2547 τὸ
892 2497 991 2562 τῆς
1026 2494 1137 2548 ἄνω
1176 2495 1385 2564 Λήθης
1733 2493 1845 2547 ἔνὼ
1883 2497 1947 2548 τὸ
1984 2498 2083 2564 τῆς
2117 2496 2324 2564 Λήθης

586 2600 632 2639 c.
671 2588 721 2642 2.
794 2584 1025 2651 μετζίιόυ
1733 2588 1939 2652 μέτρου

796 2668 933 2724 ὥστε
971 2692 1072 2739 μοι
1257 2669 1264 2678 “
1735 2671 1894 2733 ὥστε,
1935 2688 2022 2724 om
2056 2693 2157 2739 μοι

587 2775 634 2812 c.
670 2765 720 2816 3.
792 2761 1198 2828 τεταραγμένος
1734 2762 2122 2826 τεταραγμένοι

797 2843 1095 2902 λειπόνεως
1732 2843 2004 2901 λιπόνεως

753 2995 764 3016 ι
796 2929 1174 3000 ἀπεδίδρασκε
1734 2928 2147 2999 ἀπεδίδρασκεν

588 3036 635 3073 0.
671 3022 722 3076 4.
796 3014 851 3072 εἰ
879 3019 986 3088 γὰρ
1031 3020 1107 3088 μὴ
1742 3014 1796 3071 εἰ
1824 3019 1899 3086 μὴ
1939 3019 2046 3087 γὰρ

797 3126 1002 3159 exerens
1311 3153 1314 3156 .
1731 3126 1971 3158 ικετευοε

795 3193 859 3245 τὸ
900 3189 1180 3263 σύμβολον
1734 3193 1798 3245 τὸ
1845 3193 2155 3261 συμπόσιον

798 3276 1290 3349 κατελαμβάνομεν
1737 3278 2238 3351 καταλαμβάνομεν

591 3385 638 3424 o.
675 3376 724 3426 5.
799 3367 1058 3438 στοίβαζε
1736 3366 1973 3438 οτῦβαζε
2212 3349 2221 3362 ⁸

801 3455 863 3507 οἱ»
905 3453 965 3506 δὲ
1004 3445 1048 3505 ὦ
1075 3454 1250 3522 “Ερμῆ
1738 3445 1783 3506 ὦ
1810 3453 1966 3522 Ἑρμ.
2011 3454 2073 3505 οἱ»
2114 3450 2174 3506 δὲ

797 3545 967 3593 ΕΡΜ
1738 3546 1885 3609 Χαρ.

796 3629 1064 3696 πορθμεῦ
1740 3626 1961 3679 κλωθοῖ

799 3714 1205 3782 ἐκτιθειμζνων
1521 3748 1537 3774 .
1741 3714 2116 3782 ἐκτιθεμένων

799 3807 975 3855 .ῩΑΡ.
1739 3798 1932 3854 Κλωθ.

798 3894 977 3942 ΕΡΜ.
1739 3905 1827 3942 om

799 3979 1027 4028 ΚΛΩΘ.
1738 3981 1884 4043 Bou.

798 4067 977 4116 EPM.
1742 4061 1934 4114 Κλωθ.

798 4147 1154 4219 τετρακόσιοι
1738 4147 2113 4217 τετρακόσιοι,
2172 4162 2433 4216 suprascr.
2488 4167 2685 4217 τετηγ-

1841 4240 2003 4304 μὲι·οι
2038 4234 2165 4304 (Sic)

798 4330 976 4377 XAP.
1741 4327 1889 4393 Ερμ.

593 4429 639 4467 ο.
678 4417 726 4471 6.
797 4411 1086 4483 παράγαγε
1737 4410 1956 4480 πάραγε
