3099 5241
539 349 639 419 52
1366 380 1795 432 ΛοτΚιΑΝοτ

537 550 841 628 καλεῖται,
901 548 944 634 ἦ
985 548 1250 635 Ἀθηνᾶ
1309 549 1380 617 δὲ
1422 549 1748 637 ὑφορᾶται
1794 549 1915 618 ἆεί.
1967 551 2075 617 καί
2116 578 2281 620 ποτε
2324 551 2444 642 ἐγὼ
2485 558 2613 641 μὲν

540 651 738 728 ἄλλως
796 655 1145 739 παρέπτην
1203 653 1485 740 πλησίον
1528 653 1689 742 ἔχων
1730 652 1855 739 τήν
1898 653 2249 740 λαμπάδα·
2311 655 2354 742 ἡ
2404 657 2495 737 δὲ,
2559 660 2623 724 εἴ

536 781 657 844 μοι
700 754 954 843 πρόσει,
1020 758 1203 844 φησὶ,
1263 755 1346 843 νὴ
1392 755 1510 824 τὸν
1554 760 1830 844 πατέρα,
1890 765 1980 847 τῷ
2028 758 2307 847 δορατίῳ
2354 785 2426 826 σε
2471 760 2616 827 δια-

538 861 821 947 πείρασα
878 860 923 946 ἢ
977 868 1100 928 τοῦ
1156 859 1367 937 ποδὸς
1423 862 1761 948 λαβομένη
1822 863 1928 928 καὶ
1987 868 2052 938 ές
2093 861 2214 930 τὸν
2270 862 2614 951 Τάρταρον

539 967 918 1051 ἐμβαλοῦσα
963 964 1008 1049 ἢ
1056 963 1221 1050 αὕτη
1271 964 1804 1052 διασπασαμένη.
1856 965 2062 1033 πολλοὶ
2107 971 2380 1034 τοιαῦτα
2423 968 2616 1052 ἠπεί-

539 1070 717 1153 λησε·
767 1068 873 1133 καὶ
920 1066 1042 1155 ὁρᾷ
1088 1067 1158 1135 δὲ
1203 1066 1403 1155 δριμὺ
1433 1070 1538 1134 καὶ
1573 1070 1681 1135 ἐπὶ
1714 1076 1836 1136 τοῦ
1871 1067 2166 1155 στήθους
2203 1075 2324 1161 ἔχει
2353 1069 2618 1158 πρόσω-

400 1186 502 1240 251
540 1169 671 1239 πόν
716 1197 777 1239 τι
821 1170 1109 1259 φοβερὸν
1146 1171 1417 1261 ἐχίδναις
1455 1170 1857 1260 κατάκομον,
1909 1175 2071 1260 ὅπερ
2110 1173 2232 1263 ε’γώ
2263 1173 2617 1262 μάλιστα·’ξ

539 1275 742 1342 δέδια·
791 1274 1318 1363 μορμολύττεται
1351 1273 1476 1364 γάρ
1511 1303 1601 1361 με
1637 1276 1744 1343 καὶ
1783 1276 2023 1367 φεύγω,
2074 1280 2238 1346 ὅταν
2277 1278 2390 1346 ἴδω
2427 1278 2612 1347 αὐτό.

537 1385 598 1448 2.
658 1380 879 1449 ΑΦΡ.
948 1377 1104 1446 ἀλλὰ
1162 1378 1288 1465 την
1343 1385 1468 1467 μὲν
1506 1380 1811 1466 Ἀθηνᾶν
1861 1380 2098 1462 δέδιας,
2168 1380 2252 1458 ὡς
2295 1382 2448 1469 φὴς,
2512 1385 2620 1450 καὶ

536 1481 662 1569 την
685 1481 991 1573 Γοργόνα
1037 1485 1144 1550 καὶ
1187 1490 1418 1564 ταῦτα,
1466 1483 1567 1571 μη
1613 1487 1942 1571 φοβηθεὶς
1984 1484 2100 1552 τὸν
2141 1486 2461 1573 κεραυνὸν
2497 1496 2614 1554 τοῦ

540 1586 721 1663 Διός.
798 1592 865 1653 αἱ
922 1587 994 1655 δὲ
1038 1591 1314 1655 Μοῦσαι
1373 1588 1478 1655 διὰ
1523 1589 1587 1655 τί
1633 1613 1737 1656 σοι
1783 1588 2058 1676 ἄτρωτοι
2101 1591 2208 1657 καὶ
2252 1590 2366 1666 ἔξω
2409 1593 2619 1678 βελῶν

543 1696 705 1758 εἰσιν
716 1719 741 1773 3
796 1690 843 1777 ἤ
900 1692 1187 1758 κάκεῖναι
1231 1689 1473 1778 λόφους
1517 1692 1873 1759 ἐπισείουσι
1917 1695 2023 1759 καὶ
2068 1692 2409 1783 Γοργόνας
2451 1719 2621 1781 προ-

542 1796 891 1882 φαίνουσιν
905 1824 931 1877 ,·
991 1797 1139 1864 ΕΡ.
1194 1796 1513 1882 αἰδοῦμαι
1559 1795 1785 1876 αὐτάς,
1837 1791 1885 1863 ὦ
1928 1804 2165 1884 μῆτερ·
2218 1799 2454 1883 σεμναὶ
2496 1797 2620 1887 γάρ

543 1905 665 1969 εἰσι
723 1900 832 1966 καὶ
887 1898 992 1967 ἀεί
1041 1926 1104 1965 τι
1163 1900 1580 1986 φροντίζουσι
1638 1901 1744 1966 καὶ
1801 1902 1951 1986 περὶ
1994 1899 2172 1988 ᾠδὴν
2216 1901 2452 1991 έχουσι,
2515 1903 2622 1968 καὶ

543 2004 662 2093 ἐγὼ
729 2004 1143 2091 παρίσταμαι
1204 2002 1509 2080 πολλάκις
1567 2003 1796 2079 αὐταῖς
1850 2002 2250 2091 κηλούμενος
2310 2003 2442 2072 ὑπὸ
2502 2012 2621 2072 τοῦ

542 2109 800 2194 μέλους.
897 2111 971 2174 Α
981 2107 1118 2176 ΦΡ.
1194 2112 1269 2173 ἔα
1337 2108 1442 2174 καὶ
1507 2105 1775 2188 ταύτας,
1851 2109 1950 2175 ὅτι
2019 2109 2308 2194 σεμναί·’
2361 2106 2486 2193 την
2552 2109 2621 2174 δὲ

532 2212 849 2299 ’Ἀρτεμιν
907 2212 1085 2287 τίνος
1141 2219 1326 2278 ἕνεκα
1389 2212 1463 2278 οὐ
1510 2211 1911 2299 τιτρώσκειςς
1971 2214 2114 2281 ΕΡ.
2177 2211 2253 2279 τὸ
2298 2216 2421 2299 μὲν
2469 2213 2622 2279 ὅλον

547 2315 701 2382 οὐδὲ
755 2317 1144 2404 καταλαβεῖν
1205 2314 1413 2401 αὐτὴν
1474 2314 1620 2382 οἷόν
1663 2342 1734 2382 τε
1778 2313 2149 2405 φεύγουσαν
2196 2315 2296 2382 ἀεὶ
2344 2313 2449 2381 διὰ
2494 2321 2623 2382 τῶν

548 2419 740 2505 ὀρῶν·
792 2418 929 2487 εἶτα
974 2422 1080 2487 καὶ
1128 2419 1298 2488 ἴδιόν
1340 2444 1488 2487 τινα
1526 2424 1731 2506 ἔρωτα
1766 2419 1897 2505 ἤδη
1939 2425 2073 2506 ἐρᾷ.
2146 2420 2368 2487 ΑΦΡ.
2418 2418 2617 2499 τίνος,

545 2519 594 2589 ὦ
637 2525 866 2590 τέκνον
880 2551 906 2604 ,·
963 2526 1110 2591 ΕΡ.
1172 2523 1391 2611 θήρας
1444 2526 1551 2590 καὶ
1612 2521 1864 2609 ἐλάφων
1922 2524 2027 2589 καὶ
2086 2526 2355 2610 νεβρῶν,
2422 2528 2623 2609 αἱρεῖν

683 2749 759 2818 τῷ
798 2746 1042 2821 δορατίῳ
1082 2769 1142 2804 σε
1180 2746 1539 2819 διαπείρασα]
1580 2748 1616 2818 ἢ
1648 2748 1753 2818 τὴν
1795 2753 2036 2820 γαστέρα
2084 2749 2162 2818 τῷ
2217 2747 2460 2821 δορατίῳ
2500 2747 2622 2803 δια-

539 2839 784 2907 πείρασα
819 2834 883 2894 Ξῖ.
1026 2834 1078 2894 ἐς
1110 2836 1210 2891 τὸν
1232 2835 1551 2908 Τάρταρον]
1590 2833 1666 2894 εἷς
1700 2836 1799 2891 τὸν
1838 2836 2134 2908 Τάρταρον
2151 2839 2213 2903 L,
2251 2836 2303 2894 εἰ·
2331 2836 2626 2909 Τάρταρον

543 2923 650 2993 (om
682 2921 802 2990 τὸν)
839 2922 949 2978 ΑΟ.
1106 2920 1265 2991 αὐτὴ]
1306 2921 1442 2992 αύτὴ
1481 2924 1548 2979 X.
1707 2919 2127 2993 διασπασαμένη
2170 2920 2473 2993 διαφθερῶ
2508 2923 2625 2979 odd.

543 3026 722 3065 omnes
759 3008 989 3079 (praetor
1023 3026 1182 3065 unam
1217 3008 1270 3078 a)
1318 3012 1374 3065 ot
1407 3011 1457 3077 J,
1503 3011 1598 3065 sod
1644 3007 1946 3082 διαφθερῶ
1991 3028 2076 3066 om
2108 3008 2486 3068 ΒΑΟΞῖΨΩΙιε.
2520 3009 2622 3078 (di-

541 3100 683 3152 serto
719 3096 919 3165 omnes)
967 3114 1139 3167 neque
1185 3097 1242 3151 id
1287 3096 1536 3167 legerunt
1583 3098 1901 3153 scholiastae
1935 3098 2228 3152 Vossianus
2265 3099 2321 3152 ot
2352 3096 2624 3151 Vindobo-

544 3184 724 3239 nonsis
758 3184 822 3249 Β,
858 3200 1080 3253 quorum
1114 3184 1204 3238 hio
1237 3187 1362 3253 post
1398 3179 1818 3253 διασπασαμένη
1854 3185 2009 3254 jubet
2041 3204 2087 3239 v.
2144 3180 2445 3253 διαφθερῶ
2483 3185 2624 3250 ,sub-

546 3270 762 3325 audiri‘:
813 3271 1365 3341 ,προσυπακουστέον
1418 3267 1662 3334 τούτοις,
1718 3272 1912 3341 inquit,
1964 3270 2026 3324 τὸ
2081 3266 2426 3341 διαφθερῶ“.
2499 3270 2626 3324 hinc

548 3373 645 3425 ego
679 3355 899 3410 verbum
935 3353 1237 3426 διαφθερῶ
1274 3355 1490 3411 tandem
1523 3356 1708 3431 delevi.
1765 3358 2098 3429 aposiopesin
2114 3358 2432 3412 Luoianoam
2466 3356 2625 3425 tetigi

545 3443 604 3496 in
638 3442 879 3508 Quaestt.
917 3444 978 3498 L.
1012 3461 1063 3515 p.
1101 3446 1168 3500 62
1205 3447 1260 3499 st
1293 3460 1409 3499 eam
1441 3444 1629 3514 ipsam,
1666 3461 1799 3515 quae
1833 3445 1924 3500 hio
1959 3447 2146 3511 exstat,
2180 3445 2218 3500 i.
2255 3462 2300 3500 o.
2338 3445 2626 3499 orationem

546 3531 688 3583 inter
723 3529 894 3584 minas
929 3531 1209 3601 abruptam
1241 3530 1439 3587 ibidem
1472 3548 1524 3601 p.
1565 3533 1682 3587 106.
1826 3530 1936 3600 ὃρᾷ
1975 3528 2058 3601 δὲ]
2098 3530 2208 3599 ὁρᾶ
2246 3527 2308 3584 δε
2342 3531 2498 3601 pmA
2528 3530 2628 3599 (ita

546 3614 636 3682 A),
695 3613 804 3685 ὁρᾷ
850 3614 957 3683 (om
994 3613 1078 3685 δὲ)
1126 3614 1192 3674 Ξῖ.
1379 3615 1689 3687 πρόσωπόν
1729 3618 1802 3686 τι]
1850 3616 2158 3689 πρόσωπόν
2191 3638 2252 3671 τε
2289 3616 2355 3676 21.
2530 3636 2626 3669 κα-

547 3699 821 3772 τάκομον]
859 3701 1213 3772 κατάκοσμον
1245 3704 1347 3769 AJ‚
1382 3703 1735 3774 κατακόσμον
1771 3705 1830 3762 C.
1975 3702 2183 3775 φεύγω]
2221 3701 2441 3775 φεύγων
2471 3702 2538 3760 A.

685 3793 734 3845 2.
805 3790 908 3857 μέν
943 3807 1029 3846 om
1063 3788 1129 3848 Ξῖ.
1288 3797 1382 3844 καὶ
1416 3788 1594 3845 ταῦτα
1641 3810 1727 3849 om
1758 3792 1869 3848 AC.
2030 3789 2327 3862 φοβηθεὶς]
2369 3789 2628 3861 φοβηθὲν

549 3875 613 3935 21.
722 3936 727 3940 ,
757 3872 854 3929 διὰ
889 3877 962 3945 τί]
1001 3873 1155 3930 διατί
1183 3877 1297 3944 BA,
1335 3873 1482 3931 διότι
1508 3882 1570 3936 Ψ,
1715 3898 1805 3932 σοι
1839 3897 1924 3934 om
1941 3877 2006 3937 21.
2147 3875 2283 3933 εἰσιν
2320 3876 2487 3935 0m21.

548 3965 980 4034 προφαίνουσιν]
1018 3965 1410 4033 προφοροῦσιν
1436 3969 1501 4017 Ψ.
1649 3963 1736 4019 ὅτι
1775 3964 1987 4034 σεμναὶ]
2022 3961 2169 4018 διότι
2206 3963 2486 4035 σεμναὶΞῖ.

548 4054 696 4108 τίνος
732 4049 916 4121 ἕνεκα]
955 4049 1053 4104 διὰ
1086 4048 1220 4109 τίΞῖ.
1363 4049 1724 4122 καταλαβεῖν]
1751 4049 1942 4122 λαβεῖν
1960 4050 2025 4109 Ξῖ.
2170 4050 2481 4122 φεύγουσαν
2516 4049 2624 4119 ἀεὶ]

553 4137 641 4192 ἀεὶ
676 4141 925 4192 θέουσαν
943 4136 1009 4196 Ξῖ.
1154 4134 1250 4193 διὰ
1282 4137 1397 4194 τῶν
1431 4137 1601 4209 ὀρῶν]
1624 4135 1702 4191 δι’
1745 4136 1928 4191 αὐτῶν
1964 4135 2116 4209 ὀρῶν
2142 4141 2209 4191 Ω.
2353 4135 2461 4206 ἤδη
2501 4138 2624 4210 έρᾷ]

552 4221 658 4295 ἤδη
703 4243 789 4281 om
821 4227 867 4282 L
902 4226 1003 4296 (ita
1034 4224 1157 4295 L)d,
1195 4225 1283 4281 ἀεὶ
1319 4225 1423 4299 ε’ρᾷ
1459 4225 1525 4284 Ξῖ.
1663 4223 1832 4296 τίνος]
1871 4228 2024 4283 τίνας
2059 4223 2124 4283 Ξῖ.
2266 4232 2360 4278 καὶ
2397 4222 2496 4293 ε’λ.]
2533 4232 2626 4279 καὶ

551 4332 635 4370 om
668 4318 735 4367 Ω.
898 4314 1137 4385 νεβρῶν]
1173 4314 1388 4385 νευρῶν
1419 4332 1465 4370 a.
1623 4310 1827 4385 αἱρεῖν]
1865 4309 2020 4383 αἱρεῖ
2050 4311 2116 4371 21.
2268 4310 2629 4373 κατατοξεύει
