3099 5241
564 386 708 456 188
1384 416 1815 470 Λοφκιᾼιιοτ

420 597 521 652 172
555 586 662 653 καί
704 584 910 652 ταῦτά
956 610 1152 671 φησιν
1189 585 1319 671 ἤδη
1364 585 1499 653 ὑπὸ
1541 594 1665 654 τοῦ
1711 585 1996 674 ἀκράτου
2038 589 2085 631 *¹⁰
2127 598 2434 676 πονηρῶς
2477 593 2636 678 ἔχων

555 691 661 756 καὶ
704 689 1184 775 ὑποτραυλίζων
1227 692 1509 779 γελοίως·
1585 691 1721 759 εἶτα
1763 690 1997 778 ἔμετος
2042 693 2148 759 ἐπὶ
2191 691 2471 769 τούτοις
2529 694 2636 759 καί

555 792 631 860 τὸ
687 796 1052 861 τελευταῖον
1114 794 1440 881 ἀράμενοί
1494 821 1664 871 τινες
1723 799 2100 884 ἐκφέρουσιν
2160 795 2365 864 αὐτὸν
2409 802 2476 864 ἐκ
2517 809 2634 864 τοῦ

559 897 940 984 συμποσίου
1017 905 1137 983 τῆς
1210 897 1595 984 αὐλητρίδος
1658 899 2059 988 ἀμφοτέραις
2126 903 2631 988 ἐπειλημμένον.

556 999 732 1086 πλὴν
787 1000 942 1068 ἀλλά
1001 1004 1109 1069 καὶ
1166 1000 1391 1089 νήφων
1438 1002 1656 1071 οὐδενὶ
1699 1012 1831 1071 τῶν
1873 1005 2207 1091 πρωτείων
2249 1005 2640 1097 παραχωρή-

559 1130 728 1175 σειεν
773 1105 858 1173 ἂν
901 1105 1288 1194 ψεύσματος
1333 1117 1520 1175 ἕνεκα
1555 1108 1601 1193 ἦ
1636 1108 2057 1197 θρασύτητος
2101 1108 2146 1194 ἢ
2195 1111 2631 1200 φιλαργυρίας.

558 1208 715 1276 ἀλλά
771 1211 878 1277 καὶ
920 1209 1209 1279 κολάκων
1251 1213 1384 1279 ἐστὶ
1427 1211 1508 1279 τά
1555 1220 1780 1301 πρῶτα
1825 1215 1932 1280 καὶ
1977 1219 2263 1300 ἐπιορκεῖ
2301 1212 2641 1304 προχειρό-

557 1339 723 1382 τατα
807 1316 913 1381 καὶ
992 1314 1035 1400 ἡ
1116 1317 1383 1404 γοητεία
1449 1332 1835 1406 προηγεῖται
1913 1319 2019 1384 καὶ
2096 1317 2134 1403 ἦ
2224 1317 2640 1409 ἀναισχυντία

558 1432 975 1506 παρομαρτεῖ
1026 1423 1133 1488 καὶ
1191 1421 1350 1496 ὅλως
1393 1420 1750 1508 πάνσοφόν
1791 1449 1854 1489 τι
1896 1429 2116 1512 χρῆμα
2160 1424 2269 1489 καὶ
2310 1421 2643 1512 πανταχό-

560 1530 690 1590 θεν
750 1522 1003 1611 ἀκριβὲς
1058 1526 1165 1591 καὶ
1208 1526 1509 1602 ποικίλως
1553 1528 1813 1603 ἐντελές.
1910 1526 2252 1614 οἰμώξεται
2293 1535 2644 1617 τοιγαροῦν

562 1627 682 1695 οὐκ
727 1632 817 1704 εἰς
859 1627 1123 1715 μακράν
1168 1629 1509 1719 ἀχάριστος
1555 1631 1668 1699 ὤν.
1759 1632 1826 1698 τί
1879 1638 2076 1699 τοῦτο
2091 1660 2118 1713 ,·
2179 1644 2425 1712 παπαῖ,
2496 1629 2645 1721 χρύ-

562 1756 702 1808 νιος
740 1731 908 1819 ἡμῖν
959 1734 1363 1821 Θρασυκλῆς.
1458 1737 1566 1803 56.
1641 1736 1915 1804 ΘΡΑΣ.
1980 1734 2056 1802 οὐ
2104 1733 2268 1803 κατὰ
2312 1734 2544 1816 ταύτὰ,
2594 1732 2644 1801 ὦ

576 1836 830 1923 Τίμων,
900 1851 1036 1913 τοῖς
1100 1840 1365 1914 πολλοῖς
1427 1838 1688 1915 τούτοις
1754 1840 2057 1929 ἀφῖγμαι,
2131 1842 2349 1926 ὥσπερ
2409 1845 2473 1907 οἱ
2526 1838 2648 1907 τὸν

427 1951 530 2006 173
563 1939 855 2008 πλοῦτόν
900 1966 1022 2009 σου
1061 1941 1433 2028 τεθηπότες
1476 1942 1787 2033 ἀργυρίου
1828 1946 1935 2011 καὶ
1977 1945 2243 2034 χρυσίου
2286 1948 2328 1988 ⁴*
2371 1945 2478 2012 καὶ
2516 1943 2649 2011 δεί-

563 2069 752 2112 πνων
825 2047 1194 2114 πολυτελῶν
1258 2047 1467 2114 ἑλπίδι
1534 2047 2129 2137 συνδεδραμήκασι,
2209 2047 2462 2134 πολλὴν
2523 2046 2644 2134 τῆν

567 2275 989 2342 Hemsterhusio,
1024 2275 1118 2346 qui
1153 2275 1391 2331 conferre
1423 2279 1637 2346 poterat
1669 2278 1734 2333 D.
1755 2278 1911 2335 Mort.
1932 2276 2036 2344 ΠΙ,
2072 2280 2132 2334 22
2169 2274 2499 2346 ἐσταλμένος
2531 2279 2651 2335 ταῖς

570 2358 804 2418 ὀθόναις
838 2358 1080 2430 γελοίως.
1223 2365 1517 2431 πρωτείων
1549 2364 1869 2430 ΑΟΨΩΡΒ,
1912 2365 2192 2436 προτείων
2227 2364 2344 2420 edd.
2380 2368 2510 2420 vett.

572 2446 757 2516 ἕνεκα]
795 2446 981 2503 ἕνεκεν
1012 2452 1074 2501 0.
1239 2446 1510 2518 φλυαρίας
1545 2452 1610 2517 Β,
1649 2448 2022 2521 φυλαργυρίας
2053 2452 2139 2516 bc,
2187 2448 2567 2522 φυλαργυρίαο
2602 2468 2649 2505 a.

711 2534 943 2604 ἑπορκεῗ
973 2554 1018 2591 a.
1160 2536 1193 2604 ἡ
1230 2539 1459 2607 γοητεία
1494 2539 1858 2608 παρομαρτεῖ
1889 2544 1981 2590 καὶ
2018 2536 2051 2605 ἡ
2093 2536 2444 2607 ἀναισχυντία
2468 2556 2648 2606 προη-

569 2626 750 2695 γεῖται
784 2624 829 2678 L
877 2625 1040 2680 solus.
1198 2623 1495 2694 πάνσοφον
1541 2625 1606 2679 τὸ
1655 2627 1844 2695 χρῆμα
1893 2627 2112 2685 0992ss
2158 2631 2215 2682 et
2258 2646 2306 2693 v,
2358 2623 2653 2695 πάνσοφόν

572 2709 739 2779 (πάνυ
780 2709 960 2779 σοφόν
990 2710 1073 2783 Ψ)
1109 2730 1166 2765 τι
1197 2712 1387 2780 χρῆμα
1420 2712 1595 2768 ΑΨΡ.
1671 2714 1868 2768 Faber:
1906 2713 2219 2782 ,legendum‚
2266 2714 2461 2784 inquit,
2509 2711 2649 2766 πάν-

575 2796 755 2866 σοφόν
783 2801 841 2851 τί
870 2798 1099 2867 χρῆμα“,
1141 2817 1298 2869 quem
1314 2816 1456 2854 nunc
1473 2798 1683 2855 demum
1717 2801 1977 2870 suspicari
1995 2800 2123 2854 licet
2156 2817 2263 2854 non
2298 2801 2655 2871 conjecturam

573 2888 819 2940 secutum
872 2902 988 2940 esse
1035 2885 1133 2940 sed
1176 2885 1411 2940 codicem
1446 2902 1616 2941 suum.
1688 2904 1783 2957 per
1829 2904 1886 2941 se
1933 2904 2040 2941 non
2087 2888 2263 2941 minus
2311 2888 2536 2942 atticum
2571 2889 2655 2941 est

571 2969 868 3040 πάνσοφον
902 2970 965 3025 τὸ
1003 2971 1191 3040 χρῆμα
1236 2971 1398 3042 idque
1441 2973 1619 3042 ipsum
1664 2990 1769 3043 quo
1804 2976 2038 3043 tempore
2084 2973 2259 3028 adhuc
2293 2990 2389 3045 pro
2425 2975 2656 3029 omnium

573 3060 815 3115 codicum
849 3044 1116 3130 script'ura
1147 3059 1458 3125 habebatur,
1511 3060 1952 3116 Hemsberhusius
1988 3061 2058 3116 ad
2092 3061 2146 3116 h.
2185 3062 2239 3127 1.‚
2274 3061 2654 3117 Valckenarius

573 3147 642 3202 ad.
674 3146 803 3201 Eur.
841 3146 1044 3200 Phoen.
1078 3165 1126 3201 v.
1165 3149 1268 3204 206
1303 3163 1504 3217 egoque
1539 3148 1597 3201 in
1634 3148 1874 3214 Quaestt.
1912 3149 1974 3203 L.
2011 3166 2062 3219 p.
2099 3151 2168 3206 76
2216 3147 2335 3218 jure
2385 3151 2502 3203 tum
2537 3148 2655 3218 qni-

576 3233 694 3288 dem
728 3232 1076 3289 defendimus
1233 3231 1456 3301 ἐντελές]
1498 3232 1712 3291 εὖτελές
1746 3236 1812 3290 R.
1972 3230 2276 3304 οἰμώξεται
2313 3238 2376 3286 0.
2530 3234 2658 3289 libri

574 3319 810 3391 χρηστὸς
846 3316 941 3383 ὤν,
982 3320 1175 3389 quibus
1212 3321 1386 3375 verbis
1405 3323 1863 3388 Hemsterhusius‚
1900 3340 2057 3393 quem
2091 3323 2413 3390 inQuaestt.
2434 3323 2495 3377 L.
2514 3339 2565 3392 p.
2586 3324 2652 3377 81

575 3409 772 3478 partim
805 3410 1020 3462 tantum
1035 3407 1260 3469 laudavi,
1296 3408 1417 3477 jure
1451 3410 1530 3463 ita
1564 3409 1815 3465 obfensus
1852 3413 1950 3475 est,
1984 3413 2049 3464 ut
2063 3410 2294 3466 remedio
2312 3409 2489 3479 aliquo
2525 3425 2654 3478 opus

578 3511 696 3549 esse
730 3494 1070 3563 intelligeret.
1141 3495 1420 3565 scripsisse
1466 3499 1644 3551 autem
1687 3498 1981 3552 Luciannm
2029 3494 2324 3564 ἀχάριστος
2372 3494 2450 3548 ὤν
2496 3511 2656 3565 quum

577 3585 727 3637 totus
763 3598 926 3652 prope
960 3581 1051 3635 hic
1086 3581 1330 3651 dialogus
1366 3581 1554 3638 docere
1588 3586 1782 3654 potest,
1829 3587 1945 3638 tum
1977 3584 2201 3638 maxime
2236 3583 2269 3650 ἓ
2303 3585 2373 3640 48
2408 3583 2536 3638 init:
2573 3576 2655 3634 δί-

579 3690 712 3723 καια
747 3670 1036 3723 πέπονθεν
1075 3658 1253 3731 οὗτος,
1297 3666 1591 3738 ἀχάριστος
1629 3668 1721 3722 ὤν.
1867 3673 1991 3725 ante
2024 3674 2084 3723 τί
2113 3669 2279 3723 τοῦτο
2318 3673 2404 3725 est
2436 3685 2661 3741 persona

581 3758 819 3813 Timonis
856 3757 915 3812 in
948 3757 1013 3812 A.
1087 3759 1146 3809 τι·
1175 3755 1370 3824 τοῦτο;
1408 3758 1461 3812 h.
1499 3758 1537 3812 l.
1588 3773 1696 3811 non
1737 3758 1915 3812 minus
1963 3759 2087 3828 apte
2122 3757 2325 3812 dictum
2360 3760 2457 3822 est,
2502 3773 2660 3827 quam

581 3862 743 3914 supra
776 3844 808 3911 ἓ
844 3846 914 3900 54
947 3845 1067 3898 init.
1208 3846 1398 3897 παπαῖ
1429 3846 1545 3913 abc,
1590 3851 1775 3898 παπαὶ
1812 3844 1918 3899 ΑΨ
1961 3848 2017 3900 et
2050 3863 2098 3910 v,
2144 3845 2253 3897 παῖ
2289 3845 2522 3903 ΟΩΩςΒι.
2595 3842 2660 3897 de

580 3933 627 3987 P
661 3948 850 4001 parum
886 3934 1110 3987 constat.

721 4022 807 4076 56.
878 4018 1021 4072 κατὰ
1055 4017 1231 4072 ταὸτα
1267 4019 1332 4084 A,
1380 4017 1520 4072 κατὰ
1558 4017 1629 4071 τὰ
1668 4015 1810 4071 αὐτὰ
1843 4022 1906 4071 0.
2066 4009 2111 4070 ὦ
2152 4021 2339 4086 Τίμων
2374 4019 2491 4074 τοῖς
2524 4012 2658 4069 πολ-

582 4105 721 4177 λοῖς]
761 4097 805 4159 ὦ
844 4123 928 4162 om
964 4108 1028 4169 R,
1078 4107 1196 4164 τοῖς
1229 4103 1454 4163 πολλοῖς
1503 4098 1547 4157 ὦ
1584 4108 1760 4173 τίμων
1798 4109 1861 4159 0.
2018 4103 2204 4175 ὥσπερ
2244 4101 2326 4173 οἱ]
2362 4104 2427 4159 de
2463 4103 2663 4173 duplici

583 4195 971 4267 comparatione
1005 4194 1125 4249 vide
1159 4194 1399 4260 Quaestt.
1435 4194 1496 4248 L.
1534 4211 1587 4264 p.
1625 4196 1710 4258 82,
1757 4194 1850 4247 ubi
1895 4194 2140 4264 inprimis
2177 4191 2338 4262 Soph.
2375 4191 2572 4246 Electr.
2611 4209 2657 4244 v.

583 4287 687 4341 522
722 4282 939 4338 contuli.
1091 4281 1191 4335 τὸν
1223 4278 1466 4335 πλοῦτόν
1520 4299 1612 4333 σοι
1657 4281 1783 4335 libri
1831 4279 2047 4347 (diserte
2093 4277 2391 4346 ΑΨΩΩςΡ)
2442 4280 2498 4332 et
2542 4276 2659 4332 edd.

584 4374 729 4438 vett„
777 4370 872 4426 sed
915 4374 1059 4426 recte
1104 4369 1204 4424 τὸν
1248 4366 1492 4423 πλοῦτόν
1546 4387 1645 4422 σου
1700 4383 1839 4424 mn0.
2019 4362 2546 4435 συνδεδραμήκεσαν
2594 4366 2656 4415 0.
