3099 5241
542 420 785 476 XLVIII
1149 421 1247 475 DE
1298 420 1604 475 LUCIANI
1657 420 2026 475 SOSTRATO.

545 598 659 681 qui
689 602 786 661 est
812 598 884 660 in
915 594 1189 662 Demon.
1226 598 1264 679 ξ
1296 599 1359 678 9,
1405 597 1486 660 ad
1531 596 1800 661 eandem
1844 596 2224 660 seditionem
2259 599 2394 680 jam
2439 617 2630 680 supra

536 702 743 765 retuli.
834 702 1140 766 Ceterum
1184 702 1313 765 duo
1356 702 1522 783 libri,
1569 702 1832 765 Sostrati
1888 708 1952 765 et
2009 700 2420 765 Demonactis
2461 703 2630 765 vitae

539 805 763 871 ambae
817 807 1033 890 paullo
1092 813 1237 890 post
1295 814 1563 870 mortem
1606 806 1884 870 Herodis
1947 806 2027 869 ab
2082 805 2370 870 Luciano
2426 807 2629 870 editae

539 917 711 974 sunt.
800 912 885 975 Et
940 914 1109 975 siout
1163 914 1235 975 in
1280 910 1674 975 Demonacte
1734 911 1921 974 modo
1983 910 2283 974 laudatur
2339 910 2628 974 Herodes

538 1015 728 1083 modo
793 1017 1301 1100 reprehenditur,
1366 1018 1455 1079 ita
1522 1018 1715 1079 etiam
1781 1018 1850 1080 in
1911 1015 2179 1079 Sostrati
2233 1017 2433 1078 vitam
2499 1020 2628 1078 tam

536 1119 945 1203 reprehensio
989 1120 1267 1184 Herodis
1311 1121 1535 1185 cadere
1580 1122 1788 1204 potuit
1834 1141 2029 1204 quam
2085 1119 2386 1184 laudatio.
2476 1119 2629 1183 For-

537 1225 728 1287 tassis
787 1226 981 1307 enim,
1041 1231 1117 1288 ut
1179 1224 1257 1288 de
1317 1227 1606 1289 vanitate
1664 1231 1726 1288 et
1781 1225 2118 1288 iracundia
2177 1225 2466 1306 ejusdem
2508 1225 2630 1286 riri

537 1334 805 1411 taceam,
850 1330 1215 1413 superstitio
1252 1328 1533 1393 Herodis
1563 1331 1924 1412 vituperata
1967 1335 2085 1412 est,
2133 1331 2247 1412 qui
2276 1328 2631 1392 Sostratum

478 1480 489 1491 .
543 1433 1110 1515 adolescentulum,
1175 1436 1558 1518 priusquam
1624 1454 1728 1497 res
1794 1435 2062 1515 majores
2129 1432 2210 1495 ab
2277 1453 2351 1496 eo
2418 1438 2630 1516 gestae

541 1543 774 1619 essent,
812 1538 956 1619 J‘um
999 1545 1158 1602 tune
1200 1558 1315 1622 pro
1347 1538 1627 1602 semideo
1662 1538 1943 1620 quodam
1985 1537 2333 1601 habuisset.
2414 1537 2630 1613 Quan-

541 1660 736 1729 quam
779 1641 1105 1706 Herodem
1149 1648 1477 1705 mortuum
1519 1642 1852 1705 Lucianus
1913 1648 2081 1706 certe
2123 1644 2191 1705 in
2239 1640 2629 1706 Demonacte

539 1746 579 1827 ἓ
622 1746 730 1828 24,
776 1748 816 1827 ξ
861 1747 947 1812 25
1001 1752 1065 1809 et
1121 1747 1160 1827 ξ
1205 1748 1292 1811 33
1348 1746 1580 1810 leniter
1646 1747 2089 1810 tantummodo
2158 1752 2223 1810 et
2288 1748 2483 1810 unica
2549 1746 2627 1809 de

540 1869 737 1914 causa
777 1852 1171 1934 perstrinxit.
1263 1850 1429 1914 Nam
1465 1871 1671 1935 quum
1701 1851 1991 1915 Herodes
2023 1871 2317 1933 uxorem,
2362 1852 2631 1916 alterum

537 1974 573 2019 e
615 1954 789 2036 filiis,
833 1954 999 2018 filias
1046 1956 1230 2037 duaS,
1274 1955 1537 2019 libertos
1583 1957 1773 2018 etiam
1819 1957 2180 2019 carissimos
2226 1962 2428 2020 morte
2473 1957 2629 2019 ami·-

540 2061 748 2141 sisset,
805 2059 989 2122 luctu
1045 2060 1334 2144 perditus
1377 2060 1485 2123 his
1524 2079 1750 2124 reeens
1795 2062 2065 2124 mortuis
2110 2060 2388 2124 eundem
2436 2080 2631 2144 quem

539 2164 710 2226 vivis
753 2163 1060 2227 honorem
1105 2165 1353 2246 tribuit,
1412 2185 1611 2247 quam
1654 2166 1978 2228 insaniam
2021 2165 2237 2228 luctus
2282 2165 2346 2227 ll.
2392 2166 2458 2231 11.
2506 2164 2633 2229 De-

542 2286 783 2331 monax
838 2269 983 2331 risit
1035 2288 1168 2331 non
1226 2270 1543 2331 immerito
1601 2269 1710 2332 ille
1768 2270 2069 2351 quidem,
2144 2271 2363 2332 minus
2418 2264 2632 2333 tamen

541 2371 787 2435 urbane
834 2393 1029 2454 quam
1071 2371 1317 2435 Lucius
1361 2373 1780 2457 philosophus
1825 2394 1924 2457 ap.
1971 2373 2429 2438 Philostratum
2473 2374 2560 2455 Π,
2595 2376 2627 2438 1

550 2497 603 2540 c.
652 2480 692 2544 9
736 2499 801 2562 p.
848 2477 999 2558 557,
1069 2478 1186 2560 qui
1254 2497 1460 2560 quum
1525 2478 1845 2561 raphanos
1908 2477 2154 2542 Herodi
2220 2479 2300 2541 ad
2368 2499 2632 2543 coenam

539 2584 751 2667 parari
788 2582 1077 2664 vidisset,
1121 2583 1382 2666 negavit
1426 2581 1523 2646 fas
1569 2601 1709 2647 esse
1755 2582 1917 2647 albis
1958 2583 2261 2666 raphanis
2305 2583 2631 2668 lugentem

541 2689 717 2751 vesei
759 2688 829 2749 in
876 2687 1146 2751 aedibus
1192 2688 1343 2750 atris
1390 2687 1732 2770 pullisque.
1834 2687 1983 2751 Non
2029 2687 2194 2752 male
2238 2694 2453 2752 tamen
2496 2689 2633 2771 ipse

543 2791 834 2855 Herodes
858 2811 957 2874 ap.
984 2793 1065 2855 A.
1095 2791 1374 2856 Gellium
1402 2793 1505 2872 16,
1533 2794 1615 2855 12
1640 2792 1751 2855 alii
1775 2793 2170 2877 philosophO,
2215 2795 2324 2857 oui
2355 2793 2632 2856 dolorem

538 2916 771 2980 parum
801 2897 1121 2979 sapienter
1149 2895 1309 2960 ferre
1340 2897 1523 2959 visus
1557 2903 1745 2978 esset,
1790 2900 1880 2961 ita
1919 2899 2273 2982 respondit,
2317 2902 2392 2960 ut
2420 2899 2491 2959 in
2521 2897 2631 2959 tali

540 3001 725 3064 luctu
786 2999 1069 3063 dolorem
1133 3001 1331 3062 animi
1390 3005 1660 3064 naturae
1718 3001 1882 3065 bene
1950 3004 2438 3066 convenientem
2495 3020 2632 3065 esse

542 3105 918 3169 ostenderet.
994 3103 1290 3167 Ceterum
1321 3104 1556 3167 Fronto
1589 3106 1670 3168 ad
1700 3107 2000 3188 amicum,
2048 3109 2160 3190 qui
2192 3112 2392 3169 morte
2421 3106 2630 3169 filium

539 3211 643 3275 vel
729 3209 927 3273 filiam
994 3210 1342 3290 amisisset,
1422 3228 1714 3273 sermone
1793 3211 1991 3293 (quod
2058 3230 2197 3274 raro
2261 3211 2434 3291 feeit)
2501 3230 2633 3273 non

542 3316 741 3378 latino
787 3314 899 3379 sed
942 3331 1169 3396 graeco
1216 3313 1549 3395 epistolam
1595 3315 1771 3377 misit
1815 3321 1877 3377 et
1921 3315 2421 3379 consolationem
2461 3314 2533 3378 P.
2566 3313 2633 3376 II

542 3440 606 3504 p.
653 3419 785 3483 420
830 3438 970 3502 sqq.
1015 3417 1110 3482 ed.
1157 3416 1409 3480 Mediol.
1474 3418 1634 3499 (sive
1678 3440 1738 3504 p.
1786 3421 1871 3485 30
1918 3439 2057 3503 sqq.
2106 3421 2205 3484 ed.
2250 3419 2452 3500 Rom,
2499 3420 2633 3482 sive

316 3483 331 3500 ·
453 3537 459 3544 ·
543 3545 605 3608 p.
654 3524 779 3588 227
829 3541 923 3605 sq.
972 3521 1068 3585 ed.
1117 3520 1470 3602 Niebuhr.).
1576 3521 1716 3610 Has
1771 3524 1988 3588 literas
2032 3524 2426 3588 Niebuhrius
2483 3543 2634 3587 con·

535 3629 690 3711 Jeeit
749 3628 828 3690 ad
884 3626 1207 3691 Herodem
1268 3627 1534 3691 atticum
1592 3630 1822 3692 missas
1878 3629 2100 3712 fuisse,
2161 3630 2275 3713 qui
2330 3648 2540 3704 unum
2599 3648 2633 3692 e

539 3732 760 3797 liberis
806 3733 942 3796 suis
986 3737 1128 3795 tum
1171 3733 1453 3795 maxime
1497 3731 1746 3815 lugeret
1788 3733 2211 3818 probavitque
2256 3733 2425 3815 MaJo
2468 3733 2634 3797 hano

548 3838 978 3920 conjecturam
1024 3856 1178 3901 sane
1225 3836 1526 3920 pluribus
1572 3837 1651 3901 de
1683 3839 1895 3900 causis
1924 3838 2357 3902 verisimilem.
2435 3835 2636 3901 Deni-

545 3961 673 4027 que
727 3943 799 4004 in
851 3941 1125 4005 Luciani
1183 3941 1391 4025 ipsius
1451 3940 1686 4023 libello,
1753 3943 1862 4034 cui
1930 3962 2167 4007 nomen
2236 3948 2332 4006 est
2391 3940 2637 4006 ΠΕΡΙ

542 4044 771 4110 ΠΕΝ
776 4043 1032 4110 &OT->1
1080 4046 1450 4109 lamentatio
1495 4047 1905 4128 potissimum
1962 4048 2283 4132 lugubriS,
2338 4046 2634 4131 plauctus

541 4155 881 4235 parentum
925 4152 996 4213 in
1040 4151 1224 4216 luctu
1280 4147 1414 4229 filii,
1474 4151 1895 4214 caerimoniae
1939 4153 2379 4235 sepulcrorum
2422 4150 2634 4214 riden-

541 4262 669 4337 tur,
730 4256 821 4318 ita
877 4260 1090 4318 tamen
1150 4259 1225 4317 ut
1282 4254 1361 4316 ad
1417 4252 1740 4317 Herodem
1801 4257 2067 4319 atticum
2127 4260 2239 4319 aut
2298 4255 2379 4318 ad
2437 4256 2634 4337 hujus

548 4361 675 4423 viri
719 4360 967 4423 luctum
1014 4359 1504 4422 immoderatum
1552 4359 1733 4423 nullo
1777 4360 1965 4423 modo
2013 4361 2233 4424 adludi
2279 4361 2587 4425 videatur.
