3099 5241
534 365 779 423 xxvm
903 327 907 333 ⁴
1306 364 1858 422 Pnonssomxm

536 540 694 605 item
766 539 1148 623 pertinebat.
1238 541 1330 605 ita
1375 540 1604 606 Timon
1650 539 2035 623 Collytensis
2077 541 2146 605 iu
2185 530 2395 605 vicino
2442 539 2614 623 ejus-

538 646 682 710 dem
742 643 948 709 tribus
1001 663 1191 728 pago,
1247 645 1436 711 Halis
1495 643 1826 710 consenuit
1883 643 2097 728 ibique
2157 644 2468 727 sepultus
2492 647 2609 708 est.

535 765 611 814 ac
674 749 751 814 de
808 749 937 815 situ
990 748 1182 832 hujus
1239 749 1559 831 sepulchri
1616 750 1812 814 etiam
1856 749 2177 813 Lucianus
2236 749 2303 813 in
2348 748 2614 814 Timone

531 852 837 949 historiae
895 852 1186 936 vestigiis
1243 852 1551 931 inhaeret,
1612 872 1737 935 quo
1800 857 2058 918 auctore
2118 853 2155 936 ἓ
2221 855 2263 918 6
2322 856 2388 917 et
2445 851 2484 935 ξ
2528 853 2614 916 30

534 956 768 1022 Timon
834 974 1062 1040 agrum
1130 956 1330 1021 coluit
1395 951 1778 1042 ,doxavco'wg
1852 975 2015 1039 quae
2080 975 2201 1022 vox
2267 975 2464 1039 quum
2532 955 2611 1021 ab

535 1060 815 1126 Homero
859 1063 1000 1125 tum
1044 1059 1124 1125 ab
1172 1059 1387 1127 atticis
1434 1061 1562 1126 dici
1605 1062 1772 1126 solet
1816 1061 1893 1126 de
1939 1079 2094 1145 agro
2140 1062 2221 1126 ad
2265 1079 2439 1125 mare
2469 1061 2613 1139 sito,

535 1169 610 1231 ut
653 1165 1175 1230 Hemsterhusius
1220 1166 1302 1229 ad
1349 1165 1594 1232 Timon.
1683 1165 1770 1230 30
1813 1165 1916 1250 (T.
1950 1167 1983 1230 Ι
2022 1184 2085 1248 p.
2116 1165 2271 1248 143)
2315 1165 2611 1230 ostendit.

544 1269 771 1334 deinde
815 1269 1010 1333 maris
1055 1269 1230 1333 litori
1275 1268 1557 1334 vicinum
1600 1269 1771 1334 hunc
1813 1269 2096 1353 agellum
2138 1269 2338 1335 fuisse
2363 1288 2437 1334 ex
2464 1268 2508 1353 ξ
2527 1268 2613 1335 56

540 1374 905 1458 conligitur,
966 1391 1168 1455 neque
1225 1372 1268 1456 ξ
1325 1374 1361 1437 7
1424 1374 1564 1439 init.
1619 1378 1949 1458 repugnat.
2017 1365 2190 1456 quid,
2249 1374 2415 1457 quod
2461 1373 2611 1438 ibid.

540 1479 581 1558 g
623 1477 711 1541 42
755 1477 984 1542 Timon
1029 1477 1370 1543 denunciat
1424 1495 1683 1560 operam
1744 1497 1811 1542 se
1858 1464 2174 1556 daturum,
2239 1481 2313 1542 ut
2357 1496 2429 1542 eo
2475 1478 2612 1559 ipso

537 1581 601 1645 in
655 1580 875 1664 agello
932 1580 1304 1671 sepeliatur:
1382 1576 1580 1654 αὐτὸς
1654 1578 1723 1644 δὲ
1774 1578 1907 1662 ἤδη
1966 1587 2191 1646 πᾶσαν
2249 1577 2615 1665 πριάμενος

535 1679 659 1768 τὴν
701 1679 1001 1772 ἐσχατιὰν
1060 1722 1145 1732 -
1201 1680 1318 1749 τὸν
1375 1681 1582 1749 αὐτὸν
1624 1683 1731 1748 καὶ
1774 1682 1988 1769 τάφον
2034 1680 2408 1749 ἀποθανών
2454 1684 2615 1758 ἕξειν

535 1811 657 1872 μοι
703 1786 894 1853 δοκῶ.
990 1808 1352 1873 quanquam
1406 1790 1726 1855 Lucianus
1779 1789 2079 1855 historiae
2147 1789 2338 1853 fidem
2381 1789 2614 1871 partim

537 1894 840 1977 sequitur,
885 1894 1120 1976 partim
1164 1895 1334 1959 idem
1378 1894 1630 1959 videtur
1674 1895 1982 1972 deserere,
2028 1893 2138 1977 qui
2180 1893 2227 1957 l.
2262 1893 2307 1957 1.
2353 1892 2447 1958 ita
2468 1895 2614 1975 post

538 1993 661 2080 τῆν
723 1993 1026 2083 ἐσχατιάν
1088 2001 1349 2082 pergat:
1415 1995 1697 2084 πυργίον
1762 1991 2382 2080 οἰκοδομησάμενος
2446 1993 2613 2079 ὑπὲρ

533 2107 650 2165 τοῦ
719 2106 1095 2184 θησαυροῦ,
1165 2097 1352 2188 μόνῳ
1420 2101 1570 2184 ἐμοὶ
1641 2097 1871 2166 ἱκανὸν
1936 2099 2417 2177 ἐνδιαιτᾶσθαι,
2494 2094 2615 2164 τὸν

541 2202 740 2268 αὐτὸν
789 2205 1045 2288 (immo:
1103 2201 1182 2269 τὰ
1225 2200 1572 2281 adeona}
1614 2200 1831 2288 τάφον
1875 2204 1939 2270 ἀ.
1992 2205 2045 2269 ἕ.
2093 2229 2172 2289 μ.
2224 2202 2414 2269 δοκῶ.
2463 2222 2614 2269 nam

543 2312 615 2372 de
677 2309 920 2374 minuta
976 2310 1101 2374 ista
1160 2309 1447 2375 Timonis
1505 2310 1818 2375 turricula
1874 2313 1940 2375 et
1995 2329 2071 2375 ea
2111 2309 2290 2374 Htori
2330 2309 2614 2391 proxima

541 2413 836 2478 historiae
895 2417 1110 2478 mutae
1171 2417 1339 2479 sunt.
1445 2414 1641 2479 immo
1701 2414 1835 2479 alta
1893 2413 2019 2480 fuit
2072 2413 2267 2479 turris
2327 2413 2614 2478 Timonis

543 2521 733 2598 (teste
778 2516 1205 2599 Aristophane
1254 2518 1320 2582 in
1363 2517 1562 2582 Ranis
1606 2537 1667 2583 v.
1722 2517 1892 2602 130),
1940 2518 2065 2583 sita
2107 2518 2224 2582 illa
2268 2517 2524 2599 quidem
2546 2516 2613 2580 in

545 2622 778 2687 vicinia
833 2620 1219 2688 Academiae
1280 2623 1413 2687 sive
1469 2623 1534 2687 in
1582 2622 1907 2688 Ceramico
1968 2622 2295 2700 exteriore,
2352 2620 2432 2686 de
2490 2639 2615 2703 qua

545 2746 609 2788 re
681 2728 760 2791 ad
825 2725 933 2791 Ar.
1001 2727 1216 2791 Ranas
1281 2747 1340 2809 p.
1409 2726 1495 2791 82
1541 2728 1818 2809 exposui.
1910 2744 2103 2809 quam
2160 2725 2389 2791 turrim
2443 2724 2613 2789 haud

545 2830 731 2894 dubie
796 2831 1003 2913 priore
1069 2834 1356 2913 tempore
1422 2832 1653 2896 Timon
1719 2834 2109 2909 extruxerat,
2174 2848 2370 2912 quum
2438 2829 2613 2894 dives

547 2938 714 2999 essct
758 2935 1029 3000 necdum
1074 2935 1405 3000 solitudini
1449 2954 1517 3000 se
1564 2935 1950 3013 mandasset,
2006 2936 2117 2999 sed
2172 2937 2286 2999 aut
2342 2932 2615 2998 Athenis

541 3040 697 3120 ipsis
740 3043 852 3105 aut
897 3043 1066 3104 certe
1111 3040 1178 3104 in
1221 3038 1522 3105 suburbio
1566 3039 1905 3104 habitaret.
1995 3039 2105 3102 sed
2150 3037 2501 3102 Pausanias
2546 3037 2613 3101 in

545 3144 673 3206 situ
715 3144 908 3227 hujus
954 3148 1148 3210 turris
1196 3143 1608 3209 describendo
1653 3144 1857 3208 teneri
1900 3160 2027 3207 non
2072 3142 2301 3224 potuit,
2350 3141 2501 3224 quin
2546 3141 2613 3205 in

545 3266 748 3313 mores
795 3248 1080 3313 Timonis
1140 3247 1362 3313 eadem
1423 3265 1613 3329 opera
1668 3248 1876 3312 acrius
1932 3246 2351 3324 inveheretur,
2410 3246 2461 3323 I,
2508 3244 2613 3322 30,

543 3352 615 3414 4:
663 3346 824 3415 κατὰ
869 3357 1064 3415 τοῦτο
1109 3357 1227 3434 τῆς
1269 3347 1475 3439 χώρας
1513 3351 1584 3435 (i.
1611 3370 1662 3415 e.
1711 3370 1839 3416 non
1882 3350 2103 3434 procul
2134 3349 2214 3414 ab
2238 3347 2613 3431 Academia)

545 3452 840 3538 φαίνεται
884 3450 1133 3541 πύργος
1188 3454 1515 3539 Τίμωνος,
1569 3450 1896 3538 ὃς-μόνος
1932 3450 2060 3519 εἶδε
2081 3450 2339 3537 μηδένα
2360 3447 2615 3535 τρόπον

545 3556 906 3643 εὐδαίμονα
967 3556 1132 3624 εἶναι
1184 3558 1521 3646 γενέσθαι,
1586 3555 1759 3642 πλην
1813 3549 1969 3631 τοὺς
2014 3555 2244 3629 ἄλλους
2288 3552 2624 3643 φεύγοντα·

545 3659 963 3747 ἀνθρώπους.
985 3665 1050 3747 *)
1137 3666 1248 3730 sed
1304 3683 1501 3747 quum
1563 3664 1928 3746 sepulcrum
1987 3661 2273 3727 Timonis
2315 3660 2398 3725 ab
2443 3663 2616 3725 terra

748 3871 798 3940 ¹⁸¹)
843 3872 1072 3942 lugente
1114 3874 1411 3944 temporum
1455 3872 1666 3927 incuria
1708 3871 1910 3927 factum
1956 3873 2055 3936 est,
2102 3874 2166 3924 ut
2210 3870 2427 3940 quidam
2471 3870 2616 3924 hunc

547 3963 815 4015 Timonem
845 3961 988 4015 inter
1003 3960 1244 4015 Platonis
1279 3960 1587 4030 philosophi
1620 3959 1910 4030 discipulos
1945 3958 2217 4020 referrent,
2252 3958 2400 4011 velut
2434 3956 2615 4026 Olym-

545 4049 793 4119 piodorus
829 4048 941 4103 Vifi.
978 4048 1118 4103 Plat.
1153 4065 1207 4118 p.
1245 4052 1295 4113 4,
1336 4050 1402 4104 18
1436 4046 1515 4101 ed.
1556 4046 1683 4101 Cob.
1735 4043 1887 4113 μόνῳ
1940 4044 2017 4111 τῷ
2068 4041 2331 4096 Πλάτωνι
2368 4043 2617 4096 ἐνταῦθα

547 4135 627 4203 (ἐν
673 4134 738 4208 τῇ
782 4130 1113 4205 Ἀκαδημίᾳ)
1164 4136 1350 4202 Τίμων
1398 4132 1427 4186 ὁ
1465 4131 1873 4202 μισάνθρωπος
1908 4132 2093 4198 συνῆν,
2132 4133 2190 4185 et
2221 4130 2465 4185 Incertus
2501 4130 2655 4213 Viti..

545 4223 683 4277 Plat.
720 4221 850 4275 ibid.
887 4238 940 4291 p.
977 4222 1124 4287 8‚'1:
1164 4220 1531 4289 συνεστήσατο
1571 4218 1624 4288 (ὅ
1663 4216 1918 4285 Πλάτων)
1957 4213 2349 4271 διδασκαλεῖον
2381 4214 2618 4284 πλησίον

545 4311 643 4361 τοῦ
697 4310 1035 4378 καταγωγίου
1091 4312 1338 4377 Τίμωνος
1389 4306 1488 4360 τοῦ
1526 4303 1957 4376 μισανθρώπου,
1999 4303 2061 4363 ὃς
2092 4332 2163 4345 --
2194 4303 2339 4359 πάνυ
2378 4303 2621 4374 εὐμενῶς
