3099 5241
1127 440 1500 492 NEKPIKOI
1553 441 1937 491 ΔιΑΛοΓοι.
2304 501 2309 507 ,
2489 440 2567 504 17

487 606 834 698 κατεχρῆτό
880 635 1020 696 μου
1062 616 1143 698 τῇ
1188 610 1336 695 περὶ
1381 609 1690 676 παιδείαν
1733 608 2066 696 φιλοτιμίᾳ
2103 608 2429 676 θωπεύων
2466 612 2571 675 καὶ

494 718 776 778 ἐπαινῶν
823 713 968 800 ἄρτι
1011 718 1141 800 μὲν
1186 720 1248 790 ἐς
1293 715 1369 781 τὸ
1415 713 1665 793 κάλλος,
1732 713 1816 789 ὡς
1859 717 1964 781 καὶ
2007 721 2204 780 τοῦτο
2248 717 2451 801 μέρος
2496 715 2571 780 ὂν

487 815 820 906 τάγαθοῦ,
873 818 1016 904 ἄρτι
1063 819 1121 885 δ’
1172 824 1237 894 ἐς
1278 818 1396 893 τας
1439 819 1700 906 πράξεις
1743 820 1848 884 καὶ
1893 818 2014 885 τὸν
2056 826 2371 887 πλοῦτον.
2465 820 2570 885 καὶ

483 921 609 1010 γὰρ
672 919 753 988 αὖ
812 925 917 989 καὶ
975 932 1169 991 τοῦτο
1233 922 1499 1013 ἀγαθὸν
1540 923 1762 1012 ἡγεῖτο
1810 922 1999 1002 εἶναι,
2077 922 2160 999 ὥς
2202 922 2299 1010 μὴ
2349 921 2570 1012 αἰσχί-

486 1052 665 1093 νοιτο
702 1030 807 1093 καὶ
847 1026 1046 1103 αὐτὸς
1077 1024 1471 1114 λαμβάνων·
1519 1027 1705 1118 γόης,
1757 1024 1804 1094 ὦ
1839 1026 2168 1117 Διόγενες,
2212 1027 2572 1113 ἅνθρωπος

484 1134 593 1196 καὶ
657 1133 967 1220 τεχνίτης.
1062 1131 1237 1217 πλὴν
1305 1131 1460 1199 ἀλλὰ
1521 1131 1718 1199 τοῦτο
1776 1160 1850 1221 γε
1907 1131 2315 1200 ἀπολέλαυκα
2365 1133 2566 1200 αὐτοῦ

491 1305 750 1359 ἁπάντων
787 1306 944 1364 ἳῐψΩ
988 1309 1145 1362 recte.
1218 1311 1272 1361 et
1319 1308 1395 1362 ita
1439 1324 1660 1376 prorsus
1707 1324 1803 1377 ego
1850 1307 1943 1384 (ad
1978 1307 2043 1361 D.
2080 1307 2146 1360 D.
2182 1308 2305 1376 VH,
2346 1312 2369 1365 1
2411 1323 2462 1375 p.
2504 1311 2568 1365 18

486 1393 569 1448 ed.
608 1393 712 1463 pr.)
751 1394 1079 1463 conjeceram
1112 1394 1331 1449 Jacobsi
1368 1395 1457 1466 (ad
1491 1394 1718 1450 Porsoni
1754 1395 1979 1449 Advers.
2016 1413 2066 1463 p.
2089 1400 2193 1454 288
2225 1395 2308 1449 ed.
2345 1393 2431 1465 L.)
2467 1394 2567 1447 hac

483 1479 808 1548 conjectura:
859 1485 1035 1552 σοφὸς
1072 1481 1279 1540 ἐκεῖνος
1316 1483 1345 1536 ὁ
1382 1483 1608 1536 πάντων
1642 1481 1838 1550 partim
1873 1481 2105 1550 probata.
2176 1481 2394 1536 alteram
2441 1497 2567 1536 con-

474 1567 738 1634 jecturam
772 1568 837 1622 ab
868 1585 954 1622 me
980 1568 1016 1623 l.
1037 1569 1070 1624 l.
1103 1569 1458 1639 propositam:
1498 1569 1705 1626 ἐκεῖνος
1743 1571 1918 1640 σοφὸς
1956 1569 2218 1624 ἁπάντων
2250 1600 2318 1608 --
2354 1568 2566 1623 codices

483 1671 626 1709 nunc
675 1655 981 1710 destituunt
1024 1658 1184 1725 atque
1230 1657 1542 1724 explodunt.
1615 1660 1670 1710 et
1717 1656 1924 1715 ἐκεῖνος
1969 1673 2259 1726 pronomen
2295 1655 2354 1709 in
2390 1655 2564 1724 hypo·

479 1741 647 1810 phora
697 1742 787 1796 hic
841 1742 956 1796 illic
1009 1744 1172 1797 etiam
1226 1744 1586 1812 postponitur,
1640 1745 1703 1797 ut
1756 1745 1815 1797 in
1862 1745 1928 1798 D.
1975 1744 2051 1813 D.
2090 1743 2192 1813 IX,
2247 1748 2307 1801 1:
2365 1742 2562 1813 ἄπαγε,

477 1833 702 1883 τέτοκεν
750 1830 985 1900 ἐκεῖνος;
1043 1833 1098 1885 et
1143 1832 1308 1885 Arist.
1346 1831 1489 1887 Nub.
1538 1849 1592 1884 v.
1632 1836 1795 1890 1360:
1846 1830 2277 1903 σοφώτατόν,γ’
2321 1829 2563 1897 ἐκεῖνονς

653 1933 934 1985 personam
978 1922 1204 1975 ΑΛΕΞ.
1258 1936 1365 1973 non
1418 1922 1540 1987 post
1585 1919 1684 1986 τῆς
1730 1918 1890 1987 τύχης
1937 1918 2031 1973 sed
2079 1920 2200 1972 ante
2250 1917 2343 1987 ἐμὲ
2391 1918 2568 1987 μόνον

478 2003 632 2071 ponit
684 2004 749 2063 Ἢ.
960 2007 1032 2060 τὰ
1080 2004 1527 2075 Ἀριστοτέλους]
1589 2007 1686 2063 τὰς
1743 2004 2131 2075 ἁριστοτέλους
2184 2011 2253 2059 Φ.
2470 2007 2564 2075 ἐμὲ

477 2090 655 2160 μόνον
706 2124 775 2132 -
831 2090 1061 2162 εἰδέναι]
1125 2094 1365 2148 moribus
1419 2092 1711 2147 Alexandri
1758 2094 1870 2160 jam
1923 2092 2226 2160 depravatis
2279 2093 2444 2163 hujus
2499 2094 2565 2147 de

480 2180 769 2234 Aristotele
819 2181 1012 2250 judicii
1066 2181 1399 2236 atrocitatem
1444 2181 1510 2235 ab
1556 2180 1678 2234 talis
1727 2179 1984 2248 discipuli
2029 2196 2254 2248 persona
2297 2197 2404 2235 non
2453 2183 2565 2251 jam

477 2266 818 2321 abhorruisse
851 2268 1266 2323 Hemsterhusio
1314 2265 1635 2336 adsentior‚‘
1652 2284 1758 2322 non
1804 2267 1937 2320 item
1987 2266 2094 2336 (uti
2133 2269 2247 2336 jam
2293 2271 2361 2323 ad
2394 2270 2460 2323 D.
2497 2271 2564 2323 D.

477 2352 663 2422 XXII,
712 2360 748 2413 4
801 2373 852 2424 p.
891 2362 959 2415 74
1010 2357 1094 2410 ed.
1141 2373 1264 2410 nov.
1315 2356 1456 2425 dixi)
1510 2356 1665 2423 illud,
1720 2355 1851 2409 haec
1906 2354 2068 2408 verba
2124 2359 2372 2425 corrupta
2427 2373 2563 2425 esse,

476 2441 675 2494 nedum
722 2444 808 2512 (ut
842 2442 1154 2512 Hirschigio
1203 2444 1257 2496 et
1302 2442 1411 2511 ipsi
1450 2443 1647 2498 Cobeto
1695 2442 1754 2495 in
1788 2442 1858 2495 V.
1894 2442 1955 2496 L.
1993 2459 2044 2510 p.
2080 2446 2184 2500 295
2220 2443 2563 2515 videbantur)

476 2527 804 2597 interpolata.
891 2548 1015 2584 nam
1070 2532 1211 2599 quod
1265 2531 1349 2584 illi
1402 2531 1666 2584 mirantur
1718 2531 1800 2583 tot
1857 2528 2225 2584 conviciorum
2289 2531 2562 2600 asperitati

475 2614 666 2670 harum
702 2634 901 2672 vocum
935 2635 1179 2687 magnam
1215 2617 1303 2691 (ut
1337 2617 1549 2689 putant)
1586 2616 1866 2671 lenitatem
1900 2617 2200 2672 adversari:
2237 2617 2296 2671 in
2329 2622 2564 2694 praeter·

476 2704 757 2759 missionis
804 2706 973 2774 figura
1019 2706 1142 2774 plus
1190 2722 1351 2775 quam
1399 2705 1571 2774 prima
1616 2705 1795 2774 specie
1843 2705 2075 2771 videtur,
2130 2705 2268 2760 solet
2314 2705 2562 2775 intelligi,

478 2790 631 2858 quasi
681 2791 771 2846 vel
816 2793 934 2861 ipse
969 2809 1076 2846 non
1111 2793 1302 2846 audeat
1336 2794 1513 2847 omnia
1548 2792 1728 2862 eloqui
1765 2793 1853 2847 vel
1887 2790 2204 2847 Aristoteles
2239 2794 2563 2862 propudium

475 2877 639 2931 fuerit
690 2881 745 2933 et
796 2880 1246 2934 nefandissimum
1293 2882 1468 2947 caput.
1559 2881 1712 2934 deme
1759 2882 1959 2950 figurae
2006 2880 2298 2936 rhetoricae
2348 2880 2562 2935 involu-

476 2980 643 3033 crum,
682 2966 1005 3020 sententiam
1039 2965 1263 3020 habebis
1299 2967 1387 3021 vel
1422 2967 1853 3021 acerbissimam:
1893 2968 2085 3036 ‚taedet
2113 2984 2198 3021 me
2217 2970 2283 3021 'et
2311 2967 2563 3035 dispudet

474 3049 626 3118 plura
660 3052 837 3107 dicere
875 3053 940 3106 de
976 3053 1298 3108 Aristotele‘.
1473 3053 1567 3109 οἷα
1605 3055 1688 3124 δὲ]
1728 3055 1833 3108 ὅσα
1874 3054 1936 3109 δὲ
1977 3056 2042 3113 21.
2221 3053 2560 3122 ἐπέστελλεν]

476 3137 763 3193 ε’πὲστεΖεν
803 3140 866 3209 O,
904 3140 1216 3195 ἐπέστειλεν
1252 3142 1317 3199 21.
1523 3144 1850 3213 κατεχρῆτό]
1890 3142 2265 3211 κατεχρήσατο
2305 3142 2371 3201 Ἢ.

476 3225 720 3280 ἐπαινῶν
753 3259 821 3267 -
857 3229 956 3281 τὸν
990 3226 1234 3283 πλοῦτον
1265 3229 1395 3282 hinc
1430 3230 1600 3283 adfert
1631 3231 1810 3285 verbis
1843 3231 1916 3290 ὡς
1951 3262 2018 3270 -
2054 3230 2308 3302 τάγαθοῦ
2343 3228 2561 3283 omissis

473 3312 699 3368 Thomas
735 3331 786 3383 p.
825 3321 910 3384 44,
951 3321 1033 3375 14.
1211 3316 1264 3374 ἐς
1308 3316 1371 3370 τὸ
1424 3315 1622 3375 κάλλος
1659 3321 1762 3371 ΦΩ
1795 3318 2022 3374 Thomas
2057 3319 2112 3373 et
2147 3337 2201 3380 v,
2257 3314 2334 3375 εἰς
2367 3316 2563 3374 κάλλος

476 3400 539 3470 21,
576 3402 718 3470 πρὸς
751 3403 815 3456 τὸ
856 3402 1051 3461 κάλλος
1084 3403 1307 3474 ΒΟΨΙ),
1345 3405 1594 3472 pessime.
1667 3405 1793 3459 vide
1823 3405 2298 3460 Hemsterhusium
2333 3405 2399 3458 ad
2434 3405 2491 3457 h.
2524 3402 2558 3457 l.

473 3491 529 3541 et
564 3488 823 3543 Cobetum
859 3490 925 3544 V.
962 3490 1023 3545 L.
1061 3508 1111 3560 p.
1149 3496 1269 3550 272.
1449 3493 1521 3550 ὡς
1569 3500 1659 3546 καὶ
1707 3493 1875 3547 τοῦτο
1925 3497 2097 3563 μέρος
2134 3492 2198 3547 ὃν
2234 3485 2339 3563 (ὦν
2372 3491 2436 3559 Β,
2488 3490 2564 3543 ὢν

479 3574 549 3644 O)
585 3575 837 3648 τάγαθοῦ
874 3577 1083 3636 BOQ‘P
1112 3581 1167 3633 et
1197 3597 1249 3648 v,
1290 3579 1360 3637 ὡς
1396 3590 1487 3633 καὶ
1523 3580 1724 3634 τούτου
1763 3584 1967 3649 μέρους
2005 3579 2164 3638 ὄντος
2202 3579 2419 3651 ἀγαθοῦ
2460 3584 2563 3632 ΦΩ

474 3664 556 3733 (in
591 3663 642 3716 Ω
676 3664 821 3733 vulg.
864 3681 982 3733 sup.
1018 3665 1165 3737 ree).
1380 3666 1435 3720 ‹5'
1491 3667 1544 3725 ἐς
1592 3669 1708 3736 τὰς]
1761 3666 1813 3721 δ’
1867 3668 1956 3721 ἐπὶ
2005 3670 2103 3726 τὰς
2135 3668 2203 3736 D,
2263 3666 2322 3721 δέ
2376 3666 2429 3725 ἐς
2464 3668 2563 3724 τὰς

473 3750 694 3820 Β(Ο)Ψ,
739 3752 798 3807 δὲ
837 3748 914 3811 εἰς
947 3755 1043 3811 τὰς
1080 3754 1146 3816 21,
1191 3752 1250 3807 δὲ
1290 3755 1385 3812 τὰς
1424 3760 1541 3808 ΦΩ.
1618 3756 1676 3808 in
1702 3756 1900 3810 Thoma
1937 3754 1990 3808 δ’
2034 3755 2088 3812 ἐς
2121 3756 2234 3818 τοὶς,
2279 3753 2339 3808 δὲ
2379 3754 2432 3812 ἐς
2464 3755 2561 3813 τοὶς

476 3836 535 3891 δὲ
575 3835 650 3896 εἰς
685 3838 782 3896 τάς
816 3839 1067 3894 variatur.
1222 3843 1389 3895 τοῦτο
1410 3841 1798 3911 ΒΟΞΙΨΦΩΜ,
1834 3842 1990 3897 τοῦτ’
2025 3844 2145 3897 edd.
2183 3844 2314 3898 vett.
2352 3841 2560 3895 Bekker

473 3926 816 3994 conjiciebat:
870 3929 1071 3981 τοῦτον
1119 3929 1217 3999 (sc.
1266 3929 1367 3981 τὸν
1412 3927 1692 3997 πλοῦτον),
1743 3947 1848 4006 quo
1894 3945 2173 3998 nonopus
2207 3931 2334 3983 est.'
2390 3930 2554 3982 τοῦτο

474 4012 609 4066 dicit
643 4029 717 4067 so.
755 4015 819 4068 τὸ
856 4012 1133 4068 πλουτεῖν.
1280 4015 1466 4085 ἡγεῖτο
1487 4016 1875 4086 ΒΟἩΨΦΩΜ,
1913 4016 2090 4088 ἡγεῖτ’
2129 4017 2250 4070 edd.
2287 4017 2417 4070 vett.

473 4099 547 4157 ὡς
593 4131 662 4140 —
709 4099 1012 4172 λαμβάνων
1062 4101 1191 4155 hino
1246 4102 1415 4156 adfert
1461 4104 1689 4157 Thomas
1736 4121 1787 4173 p.
1824 4109 1946 4173 409,
1986 4109 2067 4161 16.
2246 4100 2555 4170 αι’σχὺιόιτο

473 4195 566 4240 καὶ
600 4186 754 4242 Bw?
788 4190 844 4241 et
878 4206 915 4242 V
939 4205 1064 4242 cum
1091 4189 1304 4258 Thoma‚
1344 4187 1661 4259 αι’σχὺναιτσ
1697 4201 1787 4245 καὶ
1812 4197 1880 4256 Φ,
1920 4188 2237 4259 αἰσχύνοιτο
2279 4190 2335 4244 εἶ
2363 4199 2455 4244 καὶ
2492 4191 2555 4259 0,

474 4270 784 4343 αἰσχύνοιτο
842 4272 1167 4346 αἰτούμενος
1219 4286 1310 4331 καὶ
1363 4278 1427 4336 ⁸21.
1625 4271 1922 4336 abtbc'om
1972 4278 2035 4337 Ξῖ.
2231 4276 2554 4348 ἄνθρωπος]
2606 4337 2625 4358 ⁸

472 4362 711 4427 Quaestt.
737 4363 799 4417 L.
817 4381 869 4431 p.
890 4369 973 4423 78.
1133 4363 1293 4435 πλὴν
1330 4364 1467 4419 ἀλλὰ
1503 4366 1671 4421 τοῦτό
1710 4367 1792 4437 γε]
1829 4365 1974 4435 πλὴν
2007 4365 2158 4436 μάλα
2193 4366 2358 4420 τοῦτό
2396 4387 2455 4437 γε
2489 4365 2555 4434 21.

474 4448 610 4503 ἀλλὰ
649 4459 739 4503 καὶ
775 4453 942 4506 τοῦτό
979 4473 1038 4523 γε
1074 4452 1140 4508 l).
1305 4453 1472 4506 αὖτοῦ
1508 4456 1608 4522 τῆς
1645 4458 1844 4525 σοφίας
1861 4454 2022 4510 ΒΟΨ
2054 4456 2109 4508 et
2136 4471 2189 4522 v,
2224 4454 2323 4522 τῆς
2358 4458 2558 4524 σοφιάς

523 4558 711 4601 Lucian.
738 4560 821 4602 111.
850 4560 891 4601 2.
1377 4540 1394 4558 ⁵
1729 4576 1733 4580 ·
2138 4563 2163 4601 2
