3099 5241
549 345 649 415 46
1358 374 1817 426 ΛοτΚιΑΝον

545 542 669 632 γάρ
715 549 779 609 οἱ
822 541 1095 630 ἀνόητοι
1136 545 1242 611 καὶ
1285 539 1676 633 παρέχοντες
1710 542 1951 619 αὐτούς
1989 544 2619 634 καταγοητεύεσθαι·

547 645 724 732 πλὴν
779 646 897 714 οὐκ
957 648 1289 737 ἀγνοεῖταί
1341 674 1415 737 γε
1456 646 1591 715 ὑπὸ
1638 655 1769 715 τῶν
1809 650 2248 736 ξυνετωτέρων
2289 647 2371 716 τὰ
2415 648 2624 716 πολλὰ

546 753 1078 837 τερατευόμενος.
1154 749 1351 826 αὐτὸς
1415 759 1589 840 γοῦν
1656 751 1691 818 ὃ
1747 750 1988 838 μάντις
2050 751 2278 841 ἠγνόει
2338 757 2470 839 μὲν
2523 754 2624 819 ὅτι

547 853 853 940 φονεύσει
903 853 1019 922 τὸν
1078 854 1409 942 ἐρώμενον
1465 863 1555 945 τῷ
1613 856 1826 944 δίσκῳ,
1900 855 1975 921 οὐ
2037 854 2621 943 προεμαντεύσατο

550 958 644 1038 δὲ,
694 957 780 1034 ὡς
822 957 1119 1045 φεύξεται
1164 958 1370 1027 αὐτὸν
1410 958 1454 1045 ἡ
1494 959 1760 1046 Δάφνη,
1810 961 1916 1026 καὶ
1960 967 2169 1027 ταῦτα
2216 961 2384 1026 οὕτω
2427 958 2623 1026 καλὸν

547 1062 654 1128 καὶ
697 1060 1003 1148 κομήτην
1049 1062 1231 1130 ὄντα.
1285 1065 1449 1131 ὥστε
1494 1063 1609 1153 οὐχ
1656 1064 1786 1151 ὁρῶ
1829 1061 2071 1130 καθότι
2105 1065 2623 1150 καλλιτεκνοτέρα

545 1171 665 1249 τῆς
698 1165 966 1253 Νιόβης
1008 1167 1255 1243 ἔδοξας.
1352 1174 1411 1236 2.
1460 1170 1619 1236 AH
1622 1171 1701 1235 T.
1750 1176 1962 1235 ταῦτα
2005 1170 2233 1254 μέντοι
2274 1168 2355 1234 τά
2400 1168 2617 1247 τέκνα,

546 1268 589 1353 ἡ
638 1268 1013 1347 ξενοκτόνος
1066 1273 1173 1338 καὶ
1231 1271 1266 1339 ὃ
1326 1270 1797 1357 ψευδόμαντις,
1864 1271 2035 1351 οῖδα,
2099 1273 2278 1348 ὅπως
2318 1274 2510 1338 λυπεῖ
2551 1296 2625 1339 σε

549 1370 851 1459 ὁρώμενα
897 1380 965 1440 ἐν
1008 1388 1146 1450 τοῖς
1190 1384 1396 1455 θεοῖς,
1448 1380 1555 1443 καὶ
1598 1375 1884 1463 μάλιστα
1931 1374 2192 1443 ὁπόταν
2217 1375 2260 1461 ἦ
2284 1381 2413 1462 μὲν
2435 1381 2624 1442 ἐπαι-

550 1483 740 1563 νῆται
803 1484 867 1554 ἐς
930 1477 1008 1545 τὸ
1075 1477 1324 1560 κάλλος,
1399 1481 1434 1547 ὁ
1504 1481 1576 1547 δὲ
1642 1480 1941 1570 κιθαρίζῃ
1998 1486 2070 1547 ἐν
2126 1486 2214 1568 τῷ
2276 1480 2621 1569 συμποσίῳ

548 1580 1068 1669 θαυμαζόμενος
1112 1582 1222 1668 ὑφ’
1263 1581 1601 1651 ἁπάντων.
1674 1585 1906 1651 ΗΡΑ.
1960 1585 2253 1673 ἐγέλασα,
2306 1578 2616 1669 ὦΛητοῖ·

548 1691 786 1761 ἐκεῖνος
850 1685 1272 1773 θαυμαστὸς,
1347 1688 1421 1753 ὃν
1491 1686 1525 1753 ὃ
1585 1685 1936 1774 Μαρσύας,
2011 1691 2071 1754 εἰ
2130 1685 2212 1753 τά
2282 1686 2495 1754 δίκαια
2555 1692 2624 1752 αἱ

548 1793 822 1855 Μοῦσαι
879 1788 1138 1857 δικάσαι
1190 1791 1464 1877 ἤθελον,
1530 1790 1872 1877 ἀπέδειρεν
1928 1790 2009 1857 ἀν
2057 1788 2255 1868 αὐτὸς
2297 1790 2624 1879 κρατήσας

544 1902 627 1982 τῇ
692 1903 1022 1982 μουσικῇς
1087 1902 1211 1963 νῦν
1278 1895 1349 1962 δὲ
1413 1895 1924 1980 κατασοφισθεὶς
1990 1895 2224 1971 ἄθλιος
2290 1894 2623 1963 ἀπόλωλεν

549 1996 780 2072 ἀδίκως
826 1996 1045 2074 ἁλούς·
1092 1999 1135 2084 ἡ
1186 1999 1254 2065 δὲ
1299 1996 1459 2083 καλή
1508 2024 1632 2066 σου
1663 2001 2003 2085 παρθένος
2036 2001 2205 2066 οὕτω
2230 1998 2389 2085 καλή
2422 2006 2617 2078 ἐστιν,

410 2115 512 2169 245
549 2101 711 2167 ὥστε
771 2104 910 2167 ἐπεὶ
973 2101 1236 2188 ἔμαθεν
1280 2102 1568 2190 ὀφθεῖσα
1612 2101 1745 2169 ὑπὸ
1789 2112 1904 2170 τοῦ
1946 2103 2361 2183 Ἀκταίωνος,
2410 2105 2456 2146 “⁹
2499 2128 2624 2188 φο-

544 2206 833 2290 βηθεῖσα
897 2204 995 2292 μή
1056 2206 1091 2272 ὁ
1149 2208 1487 2281 νεανίσκος
1545 2206 1934 2296 ἐξαγορεύσῃ
1991 2205 2066 2274 τό
2129 2206 2346 2297 αἶσχος
2391 2207 2615 2291 αὐτῆς,

547 2312 882 2393 ἐπαφῆκεν
927 2309 1100 2397 αὐτῷ
1145 2310 1300 2385 τούς
1343 2308 1565 2385 κύνας.
1630 2318 1709 2376 ἐῶ
1752 2308 1876 2399 γάρ
1920 2313 2120 2399 λέγειν
2169 2313 2268 2378 ὅτι
2313 2310 2465 2377 οὐδὲ
2505 2308 2624 2385 τάς

544 2411 886 2487 τικτούσας
950 2419 1264 2500 ἐμαιοῦτο
1331 2416 1673 2500 παρθένος
1726 2441 1802 2503 γε
1863 2414 2027 2499 αὐτῆ
2088 2410 2280 2481 οὖσα.
2375 2414 2614 2482 ΛΗΤ.

683 2675 744 2725 γε
779 2655 906 2725 ὑπὸ]
941 2658 1101 2729 παρὰ
1136 2658 1201 2717 21.
1356 2658 1739 2729 ξυνετωτέρων
1773 2662 1990 2724 ΒΑΟΨ,
2050 2663 2434 2731 συνετωτέρων
2480 2657 2623 2716 2191?

546 2745 602 2796 et
634 2762 680 2797 v.
822 2741 1011 2814 ἠγνόει
1045 2744 1134 2800 ὅτι
1168 2747 1431 2816 φονεύσει
1463 2749 1566 2816 μὲν
1599 2749 1807 2804 ΒΑΟΨ
1834 2753 1891 2804 et
1922 2769 1969 2815 v,
2017 2750 2113 2804 sed
2157 2746 2350 2817 ἠγνόει
2396 2747 2499 2815 μὲν
2535 2742 2626 2798 ὅτι

550 2827 811 2896 φονεύσει
847 2828 1006 2898 ἓΙΩΕ,
1053 2835 1193 2903 quod
1227 2852 1324 2890 our
1364 2838 1474 2907 jam
1507 2838 1567 2891 in
1601 2838 1771 2906 prima
1805 2837 1885 2890 ed.
1920 2853 1971 2905 p.
2009 2838 2077 2891 36
2111 2834 2413 2904 receperim,
2460 2835 2624 2903 patet.

698 2916 977 2988 φονεύσει]
1011 2919 1261 2986 χονεύσει
1296 2924 1359 2978 Y.
1514 2924 1590 2990 τῷ
1631 2920 1798 2989 δίσκῳ
1837 2939 1922 2977 0111
1961 2920 2028 2979 ἓῑ.
2169 2916 2622 2989 προεμαντεύετσ

548 3001 708 3069 ἓῑΩΕ,
760 3005 1275 3076 προσεμαντεύσετο
1334 3014 1397 3063 Ψ.
1580 3008 1774 3078 αὐτὸν]
1819 3008 2022 3061 τοῦτσν
2070 3012 2131 3059 Ψ.
2311 3011 2405 3058 καὶ
2449 3004 2625 3057 ταῦτα

549 3088 692 3143 οὕτω
713 3121 780 3129 --
800 3090 992 3149 κύκνος
1024 3093 1358 3163 γενόμενος]
1395 3097 1528 3151 haec
1565 3097 1740 3151 omnia
1772 3113 1857 3149 om
1886 3093 2047 3152 ww.
2086 3096 2143 3148 et
2174 3094 2221 3149 F
2256 3092 2468 3163 quidem
2501 3093 2626 3160 post

550 3174 764 3245 δάφνηε
790 3202 883 3237 ω
903 3180 1080 3233 subito
1116 3180 1315 3235 desinit
1347 3183 1406 3236 in
1439 3182 1615 3237 media
1646 3182 1843 3251 pagina
1876 3183 1933 3235 et
1967 3182 2209 3251 sequitur
2243 3176 2554 3234 κατάπλους
2585 3174 2625 3244 ἢ

546 3261 829 3334 τύραννος.
971 3263 1196 3333 καθότι]
1235 3266 1363 3320 καθ’
1403 3265 1492 3320 ὅτι
1525 3285 1646 3322 cum
1662 3268 1918 3322 Bekkero.
2058 3262 2527 3333 καλλιτεκνωτέρα
2556 3267 2619 3315 Ψ.

686 3353 736 3406 2.
809 3349 1069 3419 ὁρώμενα
1106 3351 1164 3405 έν
1197 3355 1315 3411 τοῖς
1349 3354 1531 3423 θεοῖς]
1570 3352 1629 3406 έν
1662 3356 1780 3411 τοῖς
1812 3356 1974 3411 θεοῖς
1998 3351 2258 3424 ὁρώμενα
2276 3356 2341 3406 Δ.
2487 3348 2623 3403 ὁπό-

546 3456 650 3489 ταν
690 3441 756 3499 -Ῥ,
798 3435 950 3490 ὁπότ’
980 3436 1059 3492 ,ἂν
1092 3439 1249 3505 BAC,
1286 3436 1421 3493 ὅταν
1453 3461 1501 3496 v.
1648 3439 1960 3508 ἐπαινῆται]
1995 3438 2306 3494 ἐπαινεῖται
2320 3437 2480 3494 BAO.

550 3521 604 3580 ές
636 3522 700 3575 τὸ
739 3520 952 3591 κάλλος]
990 3532 1083 3577 καὶ
1117 3525 1181 3578 τὸ
1222 3523 1659 3584 κάλλοςο801118.
1801 3527 2090 3597 κιθαρίζει
2106 3526 2265 3582 ΒΑΟ.
2407 3521 2623 3592 ἅθλιος]

548 3608 578 3661 ὁ
619 3605 817 3666 ἅθλιος
858 3614 909 3661 Ψ
937 3611 1095 3667 solus,
1238 3610 1543 3684 ἀπόλωλεν]
1583 3611 1876 3672 ἀπόλωλας
1908 3614 2018 3669 ΑΟ.
2161 3612 2325 3670 κύνας
2358 3613 2473 3666 abc·

548 3697 675 3751 libri
717 3695 815 3753 τὰς
860 3697 1126 3756 τεκούσας
1170 3701 1413 3757 absurde.
1484 3701 1865 3756 Valckenarius
1910 3701 1976 3755 ad
2009 3701 2137 3755 Eur.
2175 3699 2390 3769 Hippol.
2433 3717 2482 3752 v.
2524 3699 2620 3752 161

548 3781 646 3840 τὰς
676 3803 737 3853 γε
773 3782 1007 3843 κυούσας
1052 3787 1216 3842 scribi
1248 3788 1432 3853 voluit,
1479 3787 1621 3842 unde
1655 3789 1714 3842 in
1747 3789 1919 3857 prima
1951 3786 2031 3842 ed.
2068 3804 2119 3856 p.
2154 3789 2223 3841 37
2258 3784 2357 3842 τάς
2390 3783 2625 3842 κυούσας

548 3870 699 3939 petii.
769 3871 931 3926 hodie
972 3873 1137 3929 malui
1181 3891 1301 3929 eum
1346 3876 1625 3945 Poppone:
1681 3872 1781 3932 τὰς
1832 3870 2139 3929 τικτούσας.
2214 3875 2487 3942 praeterea
2527 3888 2623 3942 pro

551 3953 818 4023 ἐμαιοῦτο
857 3958 1107 4015 Sehaefer
1138 3961 1196 4015 in
1230 3962 1354 4016 Mel.
1393 3962 1479 4016 Cr.
1515 3979 1568 4031 p.
1607 3963 1674 4017 57
1710 3961 1907 4031 aliique
1940 3958 2306 4029 conjecerunt:
2362 3956 2430 4011 ἂν
2465 3957 2624 4027 ἐμαι-

552 4042 704 4105 οὖῐθ,
744 4045 884 4113 quod
914 4045 1024 4114 jam
1055 4047 1114 4101 in
1145 4048 1317 4117 prima
1348 4049 1428 4104 ed.
1461 4050 1582 4118 jure
1614 4048 1919 4118 improbavi.
1990 4063 2114 4100 nam
2149 4047 2254 4101 etsi
2282 4043 2351 4098 ἄν
2366 4046 2625 4100 excidisse

550 4129 775 4195 videtur,
823 4134 1000 4185 tamen
1034 4132 1092 4186 id
1132 4135 1242 4189 nisi
1272 4139 1397 4204 post
1431 4133 1564 4188 οὐδὲ
1598 4136 1701 4190 alio
1736 4135 1852 4189 loeo
1886 4133 2014 4202 poni
2047 4134 2196 4188 nullo
2230 4133 2394 4188 attice
2426 4135 2623 4203 potesb.

551 4216 678 4269 hinc
710 4232 806 4285 pro
854 4213 985 4270 οὐδὲ
1028 4218 1127 4275 τὰς
1168 4218 1434 4278 τεκούσας
1469 4223 1705 4290 corrigo:
1758 4217 1882 4273 οὐδ’
1925 4217 1994 4272 ἂν
2038 4219 2138 4277 τὰς
2172 4218 2480 4276 τικτούσας.

554 4299 689 4369 αύτὴ
729 4293 869 4383 οὖσα
885 4304 1134 4371 BAGPJ,
1168 4311 1260 4359 καὶ
1280 4303 1418 4374 αύτὴ
1442 4298 1583 4360 οὖσα
1600 4324 1649 4362 v.
1790 4307 1917 4361 libri
1941 4303 2378 4377 συμβασιλεύεις.
2434 4306 2628 4377 scripsi
