<?xml version="1.0" encoding="UTF-8"?>
<!DOCTYPE html PUBLIC "-//W3C//DTD XHTML 1.0 Transitional//EN"
    "http://www.w3.org/TR/xhtml1/DTD/xhtml1-transitional.dtd">
<html xmlns="http://www.w3.org/1999/xhtml" xml:lang="en" lang="en">
 <head>
  <title>
</title>
<meta http-equiv="Content-Type" content="text/html;charset=utf-8" />
  <meta name='ocr-system' content='tesseract 3.04.00' />
  <meta name='ocr-capabilities' content='ocr_page ocr_carea ocr_par ocr_line ocrx_word'/>
</head>
<body>
  <div class='ocr_page' id='page_1' title='image "./lucianussamosat01fritgoog_0177.png"; bbox 0 0 3099 5241; ppageno 0'>
   <div class='ocr_carea' id='block_1_1' title="bbox 1253 391 2537 518">
    <p class='ocr_par' dir='ltr' id='par_1_1' title="bbox 1253 391 2537 518">
     <span class='ocr_line' id='line_1_1' title="bbox 1253 391 2537 518; baseline -0.01 -41"><span class='ocrx_word' id='word_1_1' title='bbox 1253 425 1745 518; x_wconf 57' lang='lat' dir='ltr'><strong><em>amaneum.</em></strong></span> <span class='ocrx_word' id='word_1_2' title='bbox 2391 391 2537 466; x_wconf 83' lang='lat'><strong><em>129</em></strong></span> 
     </span>
    </p>
   </div>
   <div class='ocr_carea' id='block_1_2' title="bbox 452 585 2679 1721">
    <p class='ocr_par' dir='ltr' id='par_1_2' title="bbox 452 585 2679 1721">
     <span class='ocr_line' id='line_1_2' title="bbox 453 585 2543 682; baseline -0.001 -19"><span class='ocrx_word' id='word_1_3' title='bbox 453 595 807 675; x_wconf 74' lang='grc' dir='ltr'><strong><em>πονθέναι,</em></strong></span> <span class='ocrx_word' id='word_1_4' title='bbox 859 599 919 663; x_wconf 81' lang='grc' dir='ltr'><strong><em>εἰ</em></strong></span> <span class='ocrx_word' id='word_1_5' title='bbox 958 594 1289 680; x_wconf 77' lang='grc' dir='ltr'><strong><em>διανέμων</em></strong></span> <span class='ocrx_word' id='word_1_6' title='bbox 1329 621 1426 671; x_wconf 90' lang='grc' dir='ltr'><strong><em>τις</em></strong></span> <span class='ocrx_word' id='word_1_7' title='bbox 1468 597 1621 682; x_wconf 78' lang='grc' dir='ltr'><strong><em>κρέα</em></strong></span> <span class='ocrx_word' id='word_1_8' title='bbox 1665 585 1942 664; x_wconf 79' lang='grc' dir='ltr'><strong><em>παιδιάν</em></strong></span> <span class='ocrx_word' id='word_1_9' title='bbox 1976 620 2125 662; x_wconf 85' lang='grc' dir='ltr'><strong><em>τινα</em></strong></span> <span class='ocrx_word' id='word_1_10' title='bbox 2149 593 2372 673; x_wconf 71' lang='grc' dir='ltr'><strong><em>ἔπαιζε</em></strong></span> <span class='ocrx_word' id='word_1_11' title='bbox 2395 619 2543 661; x_wconf 88' lang='grc' dir='ltr'><strong><em>πει-</em></strong></span> 
     </span>
     <span class='ocr_line' id='line_1_3' title="bbox 455 696 2536 789; baseline 0 -24"><span class='ocrx_word' id='word_1_12' title='bbox 455 697 772 785; x_wconf 86' lang='grc' dir='ltr'><strong><em>ρώμενος,</em></strong></span> <span class='ocrx_word' id='word_1_13' title='bbox 836 702 896 765; x_wconf 87' lang='grc' dir='ltr'><strong><em>εἰ</em></strong></span> <span class='ocrx_word' id='word_1_14' title='bbox 952 696 1376 789; x_wconf 75' lang='grc' dir='ltr'><strong><em>διαγνώσεται</em></strong></span> <span class='ocrx_word' id='word_1_15' title='bbox 1429 698 1506 767; x_wconf 76' lang='grc' dir='ltr'><strong><em>τὸ</em></strong></span> <span class='ocrx_word' id='word_1_16' title='bbox 1560 701 1816 786; x_wconf 79' lang='grc' dir='ltr'><strong><em>βέλτιον</em></strong></span> <span class='ocrx_word' id='word_1_17' title='bbox 1878 698 1913 765; x_wconf 86' lang='grc' dir='ltr'><em>ὃ</em></span> <span class='ocrx_word' id='word_1_18' title='bbox 1962 696 2378 786; x_wconf 76' lang='grc' dir='ltr'><strong><em>αἱρούμενος.</em></strong></span> <span class='ocrx_word' id='word_1_19' title='bbox 2475 700 2536 765; x_wconf 91' lang='grc'><strong><em>9.</em></strong></span> 
     </span>
     <span class='ocr_line' id='line_1_4' title="bbox 452 798 2538 892; baseline -0.001 -22"><span class='ocrx_word' id='word_1_20' title='bbox 452 802 627 870; x_wconf 72' lang='grc' dir='ltr'><strong><em>τίθει</em></strong></span> <span class='ocrx_word' id='word_1_21' title='bbox 661 801 720 869; x_wconf 85' lang='grc' dir='ltr'><strong><em>δ’</em></strong></span> <span class='ocrx_word' id='word_1_22' title='bbox 758 804 959 888; x_wconf 81' lang='grc' dir='ltr'><strong><em>ὅμως,</em></strong></span> <span class='ocrx_word' id='word_1_23' title='bbox 1012 798 1323 889; x_wconf 63' lang='grc' dir='ltr'><strong><em>ὦ”Ερ,ινῆ,</em></strong></span> <span class='ocrx_word' id='word_1_24' title='bbox 1371 801 1450 869; x_wconf 86' lang='grc' dir='ltr'><strong><em>τὸ</em></strong></span> <span class='ocrx_word' id='word_1_25' title='bbox 1482 800 1949 892; x_wconf 82' lang='grc' dir='ltr'><strong><em>χαλεπώτερον,</em></strong></span> <span class='ocrx_word' id='word_1_26' title='bbox 2000 801 2097 889; x_wconf 74' lang='grc' dir='ltr'><strong><em>μῆ</em></strong></span> <span class='ocrx_word' id='word_1_27' title='bbox 2139 799 2261 886; x_wconf 78' lang='grc' dir='ltr'><strong><em>τὴν</em></strong></span> <span class='ocrx_word' id='word_1_28' title='bbox 2302 798 2538 868; x_wconf 79' lang='grc' dir='ltr'><strong><em>ἐλάττω</em></strong></span> 
     </span>
     <span class='ocr_line' id='line_1_5' title="bbox 453 904 2535 996; baseline -0.002 -23"><span class='ocrx_word' id='word_1_29' title='bbox 453 919 702 992; x_wconf 85' lang='grc' dir='ltr'><strong><em>μοῖραν</em></strong></span> <span class='ocrx_word' id='word_1_30' title='bbox 745 906 1315 993; x_wconf 75' lang='grc' dir='ltr'><strong><em>ἀπονενεμηκέναι</em></strong></span> <span class='ocrx_word' id='word_1_31' title='bbox 1355 915 1443 995; x_wconf 76' lang='grc' dir='ltr'><strong><em>τῷ</em></strong></span> <span class='ocrx_word' id='word_1_32' title='bbox 1467 908 1600 987; x_wconf 76' lang='grc' dir='ltr'><strong><em>Διὶ,</em></strong></span> <span class='ocrx_word' id='word_1_33' title='bbox 1648 905 1778 993; x_wconf 74' lang='grc' dir='ltr'><strong><em>τήν</em></strong></span> <span class='ocrx_word' id='word_1_34' title='bbox 1820 909 1981 992; x_wconf 85' lang='grc' dir='ltr'><strong><em>ὅλην</em></strong></span> <span class='ocrx_word' id='word_1_35' title='bbox 2026 907 2095 973; x_wconf 80' lang='grc' dir='ltr'><strong><em>δὲ</em></strong></span> <span class='ocrx_word' id='word_1_36' title='bbox 2125 904 2535 996; x_wconf 76' lang='grc' dir='ltr'><strong><em>ὑφῃρῆσθαι,</em></strong></span> 
     </span>
     <span class='ocr_line' id='line_1_6' title="bbox 452 1004 2542 1099; baseline 0 -24"><span class='ocrx_word' id='word_1_37' title='bbox 452 1010 517 1075; x_wconf 88' lang='grc' dir='ltr'><strong><em>τί</em></strong></span> <span class='ocrx_word' id='word_1_38' title='bbox 583 1005 748 1091; x_wconf 61' lang='grc' dir='ltr'><strong><em>οὖν,</em></strong></span> <span class='ocrx_word' id='word_1_39' title='bbox 818 1007 923 1076; x_wconf 79' lang='grc' dir='ltr'><strong><em>διὰ</em></strong></span> <span class='ocrx_word' id='word_1_40' title='bbox 988 1017 1186 1077; x_wconf 86' lang='grc' dir='ltr'><strong><em>τοῦτο</em></strong></span> <span class='ocrx_word' id='word_1_41' title='bbox 1255 1015 1468 1099; x_wconf 74' lang='grc' dir='ltr'><strong><em>ἐχρῆν,</em></strong></span> <span class='ocrx_word' id='word_1_42' title='bbox 1537 1008 1616 1077; x_wconf 81' lang='grc' dir='ltr'><strong><em>τὸ</em></strong></span> <span class='ocrx_word' id='word_1_43' title='bbox 1676 1017 1797 1078; x_wconf 86' lang='grc' dir='ltr'><strong><em>τοῦ</em></strong></span> <span class='ocrx_word' id='word_1_44' title='bbox 1847 1008 2068 1099; x_wconf 82' lang='grc' dir='ltr'><strong><em>λόγου,</em></strong></span> <span class='ocrx_word' id='word_1_45' title='bbox 2140 1016 2222 1096; x_wconf 84' lang='grc' dir='ltr'><strong><em>τῇ</em></strong></span> <span class='ocrx_word' id='word_1_46' title='bbox 2280 1015 2365 1097; x_wconf 82' lang='grc' dir='ltr'><strong><em>γῇ</em></strong></span> <span class='ocrx_word' id='word_1_47' title='bbox 2421 1004 2542 1075; x_wconf 78' lang='grc' dir='ltr'><strong><em>τὸν</em></strong></span> 
     </span>
     <span class='ocr_line' id='line_1_7' title="bbox 456 1109 2541 1202; baseline -0.001 -23"><span class='ocrx_word' id='word_1_48' title='bbox 456 1111 742 1201; x_wconf 81' lang='grc' dir='ltr'><strong><em>οὐρανὸν</em></strong></span> <span class='ocrx_word' id='word_1_49' title='bbox 787 1113 1246 1202; x_wconf 75' lang='grc' dir='ltr'><strong><em>ἀναμεμίχθαι</em></strong></span> <span class='ocrx_word' id='word_1_50' title='bbox 1289 1116 1395 1180; x_wconf 78' lang='grc' dir='ltr'><strong><em>καὶ</em></strong></span> <span class='ocrx_word' id='word_1_51' title='bbox 1443 1114 1656 1202; x_wconf 80' lang='grc' dir='ltr'><strong><em>δεσμοὶ</em></strong></span> <span class='ocrx_word' id='word_1_52' title='bbox 1702 1115 1809 1180; x_wconf 78' lang='grc' dir='ltr'><strong><em>καὶ</em></strong></span> <span class='ocrx_word' id='word_1_53' title='bbox 1855 1111 2176 1199; x_wconf 76' lang='grc' dir='ltr'><strong><em>σταυροὺς</em></strong></span> <span class='ocrx_word' id='word_1_54' title='bbox 2212 1113 2319 1178; x_wconf 77' lang='grc' dir='ltr'><strong><em>καὶ</em></strong></span> <span class='ocrx_word' id='word_1_55' title='bbox 2342 1109 2541 1177; x_wconf 81' lang='grc' dir='ltr'><strong><em>Καύ-</em></strong></span> 
     </span>
     <span class='ocr_line' id='line_1_8' title="bbox 454 1217 2540 1305; baseline -0.001 -22"><span class='ocrx_word' id='word_1_56' title='bbox 454 1242 660 1285; x_wconf 81' lang='grc' dir='ltr'><strong><em>κασον</em></strong></span> <span class='ocrx_word' id='word_1_57' title='bbox 726 1219 878 1285; x_wconf 84' lang='grc' dir='ltr'><strong><em>ὅλον</em></strong></span> <span class='ocrx_word' id='word_1_58' title='bbox 946 1223 1233 1285; x_wconf 77' lang='grc' dir='ltr'><strong><em>ἐπινοεῖν</em></strong></span> <span class='ocrx_word' id='word_1_59' title='bbox 1300 1219 1407 1283; x_wconf 79' lang='grc' dir='ltr'><strong><em>καὶ</em></strong></span> <span class='ocrx_word' id='word_1_60' title='bbox 1481 1217 1716 1294; x_wconf 76' lang='grc' dir='ltr'><strong><em>ἀετοὺς</em></strong></span> <span class='ocrx_word' id='word_1_61' title='bbox 1773 1219 2234 1305; x_wconf 76' lang='grc' dir='ltr'><strong><em>καταπέμπειν</em></strong></span> <span class='ocrx_word' id='word_1_62' title='bbox 2298 1217 2405 1282; x_wconf 76' lang='grc' dir='ltr'><strong><em>καὶ</em></strong></span> <span class='ocrx_word' id='word_1_63' title='bbox 2461 1218 2540 1281; x_wconf 80' lang='grc' dir='ltr'><strong><em>τό</em></strong></span> 
     </span>
     <span class='ocr_line' id='line_1_9' title="bbox 452 1314 2679 1415; baseline 0.001 -30"><span class='ocrx_word' id='word_1_64' title='bbox 452 1314 635 1415; x_wconf 77' lang='grc' dir='ltr'><strong><em>ἧπαρ</em></strong></span> <span class='ocrx_word' id='word_1_65' title='bbox 681 1318 1135 1403; x_wconf 64' lang='grc' dir='ltr'><strong><em>ἐκκολάπτειν,</em></strong></span> <span class='ocrx_word' id='word_1_66' title='bbox 1180 1324 1222 1364; x_wconf 68' lang='lat'><strong><em>⁴*</em></strong></span> <span class='ocrx_word' id='word_1_67' title='bbox 1268 1322 1415 1408; x_wconf 85' lang='grc' dir='ltr'><strong><em>ὅρα,</em></strong></span> <span class='ocrx_word' id='word_1_68' title='bbox 1463 1320 1563 1407; x_wconf 74' lang='grc' dir='ltr'><strong><em>μὴ</em></strong></span> <span class='ocrx_word' id='word_1_69' title='bbox 1608 1321 1862 1408; x_wconf 80' lang='grc' dir='ltr'><strong><em>πολλήν</em></strong></span> <span class='ocrx_word' id='word_1_70' title='bbox 1905 1346 2053 1389; x_wconf 89' lang='grc' dir='ltr'><strong><em>τινα</em></strong></span> <span class='ocrx_word' id='word_1_71' title='bbox 2096 1327 2304 1388; x_wconf 80' lang='grc' dir='ltr'><strong><em>ταῦτα</em></strong></span> <span class='ocrx_word' id='word_1_72' title='bbox 2336 1342 2538 1409; x_wconf 80' lang='grc' dir='ltr'><strong><em>κατη-</em></strong></span> <span class='ocrx_word' id='word_1_73' title='bbox 2578 1332 2679 1387; x_wconf 83' lang='grc'><strong><em>193</em></strong></span> 
     </span>
     <span class='ocr_line' id='line_1_10' title="bbox 455 1422 2543 1515; baseline 0 -26"><span class='ocrx_word' id='word_1_74' title='bbox 455 1430 619 1512; x_wconf 85' lang='grc' dir='ltr'><strong><em>γορῇ</em></strong></span> <span class='ocrx_word' id='word_1_75' title='bbox 674 1430 793 1491; x_wconf 87' lang='grc' dir='ltr'><strong><em>τοῦ</em></strong></span> <span class='ocrx_word' id='word_1_76' title='bbox 853 1422 1377 1514; x_wconf 74' lang='grc' dir='ltr'><strong><em>ἀγανακτοῦντος</em></strong></span> <span class='ocrx_word' id='word_1_77' title='bbox 1437 1424 1642 1492; x_wconf 80' lang='grc' dir='ltr'><strong><em>αὐτοῦ</em></strong></span> <span class='ocrx_word' id='word_1_78' title='bbox 1705 1426 2144 1515; x_wconf 82' lang='grc' dir='ltr'><strong><em>μικροψυχίαν</em></strong></span> <span class='ocrx_word' id='word_1_79' title='bbox 2200 1425 2307 1492; x_wconf 78' lang='grc' dir='ltr'><strong><em>καὶ</em></strong></span> <span class='ocrx_word' id='word_1_80' title='bbox 2366 1422 2543 1490; x_wconf 84' lang='grc' dir='ltr'><strong><em>εὖτέ-</em></strong></span> 
     </span>
     <span class='ocr_line' id='line_1_11' title="bbox 453 1525 2540 1620; baseline -0 -27"><span class='ocrx_word' id='word_1_81' title='bbox 453 1528 632 1594; x_wconf 88' lang='grc' dir='ltr'><strong><em>λειαν</em></strong></span> <span class='ocrx_word' id='word_1_82' title='bbox 686 1534 804 1612; x_wconf 87' lang='grc' dir='ltr'><strong><em>τῆς</em></strong></span> <span class='ocrx_word' id='word_1_83' title='bbox 855 1526 1126 1617; x_wconf 80' lang='grc' dir='ltr'><strong><em>γνώμης</em></strong></span> <span class='ocrx_word' id='word_1_84' title='bbox 1169 1529 1275 1595; x_wconf 80' lang='grc' dir='ltr'><strong><em>καὶ</em></strong></span> <span class='ocrx_word' id='word_1_85' title='bbox 1318 1527 1488 1616; x_wconf 78' lang='grc' dir='ltr'><strong><em>πρὸς</em></strong></span> <span class='ocrx_word' id='word_1_86' title='bbox 1535 1528 1737 1619; x_wconf 79' lang='grc' dir='ltr'><strong><em>ὀργῆν</em></strong></span> <span class='ocrx_word' id='word_1_87' title='bbox 1782 1530 2128 1620; x_wconf 80' lang='grc' dir='ltr'><strong><em>εὐχέρειαν.</em></strong></span> <span class='ocrx_word' id='word_1_88' title='bbox 2224 1528 2267 1613; x_wconf 85' lang='grc' dir='ltr'><em>ἢ</em></span> <span class='ocrx_word' id='word_1_89' title='bbox 2312 1528 2377 1595; x_wconf 84' lang='grc' dir='ltr'><strong><em>τί</em></strong></span> <span class='ocrx_word' id='word_1_90' title='bbox 2416 1525 2540 1615; x_wconf 76' lang='grc' dir='ltr'><strong><em>γὰρ</em></strong></span> 
     </span>
     <span class='ocr_line' id='line_1_12' title="bbox 455 1628 2542 1721; baseline -0.001 -23"><span class='ocrx_word' id='word_1_91' title='bbox 455 1629 539 1699; x_wconf 80' lang='grc' dir='ltr'><strong><em>ἄν</em></strong></span> <span class='ocrx_word' id='word_1_92' title='bbox 584 1632 894 1717; x_wconf 80' lang='grc' dir='ltr'><strong><em>ἐποίησεν</em></strong></span> <span class='ocrx_word' id='word_1_93' title='bbox 937 1628 1131 1709; x_wconf 76' lang='grc' dir='ltr'><strong><em>οὗτος</em></strong></span> <span class='ocrx_word' id='word_1_94' title='bbox 1177 1635 1328 1699; x_wconf 85' lang='grc' dir='ltr'><strong><em>ὅλον</em></strong></span> <span class='ocrx_word' id='word_1_95' title='bbox 1371 1635 1542 1720; x_wconf 77' lang='grc' dir='ltr'><strong><em>βοῦν</em></strong></span> <span class='ocrx_word' id='word_1_96' title='bbox 1588 1633 1940 1714; x_wconf 80' lang='grc' dir='ltr'><strong><em>ἀπολέσας,</em></strong></span> <span class='ocrx_word' id='word_1_97' title='bbox 1992 1638 2053 1701; x_wconf 79' lang='grc' dir='ltr'><strong><em>εἰ</em></strong></span> <span class='ocrx_word' id='word_1_98' title='bbox 2082 1639 2285 1720; x_wconf 84' lang='grc' dir='ltr'><strong><em>κρεῶν</em></strong></span> <span class='ocrx_word' id='word_1_99' title='bbox 2312 1630 2542 1721; x_wconf 82' lang='grc' dir='ltr'><strong><em>ὀλίγων</em></strong></span> 
     </span>
    </p>
   </div>
   <div class='ocr_carea' id='block_1_3' title="bbox 467 1775 881 1784">
    <p class='ocr_par' dir='ltr' id='par_1_3' title="bbox 467 1775 881 1784">
     <span class='ocr_line' id='line_1_13' title="bbox 467 1775 881 1784; baseline 0 0"><span class='ocrx_word' id='word_1_100' title='bbox 467 1775 881 1784; x_wconf 95' lang='lat' dir='ltr'><strong><em> </em></strong></span> 
     </span>
    </p>
   </div>
   <div class='ocr_carea' id='block_1_4' title="bbox 396 1837 2540 3926">
    <p class='ocr_par' dir='ltr' id='par_1_4' title="bbox 450 1837 2540 2346">
     <span class='ocr_line' id='line_1_14' title="bbox 451 1837 2538 1912; baseline -0.002 -16"><span class='ocrx_word' id='word_1_101' title='bbox 451 1842 514 1896; x_wconf 91' lang='grc' dir='ltr'><strong><em>Β.</em></strong></span> <span class='ocrx_word' id='word_1_102' title='bbox 655 1843 793 1911; x_wconf 76' lang='grc' dir='ltr'><strong><em>κρέα</em></strong></span> <span class='ocrx_word' id='word_1_103' title='bbox 826 1838 1063 1896; x_wconf 78' lang='grc' dir='ltr'><strong><em>παιδιάν</em></strong></span> <span class='ocrx_word' id='word_1_104' title='bbox 1095 1843 1142 1897; x_wconf 91' lang='grc' dir='ltr'>Β</span> <span class='ocrx_word' id='word_1_105' title='bbox 1164 1845 1220 1897; x_wconf 71' lang='lat' dir='ltr'><strong><em>et</em></strong></span> <span class='ocrx_word' id='word_1_106' title='bbox 1235 1861 1282 1908; x_wconf 83' lang='lat' dir='ltr'><strong><em>v,</em></strong></span> <span class='ocrx_word' id='word_1_107' title='bbox 1319 1842 1414 1898; x_wconf 81' lang='lat' dir='ltr'><strong><em>sed</em></strong></span> <span class='ocrx_word' id='word_1_108' title='bbox 1448 1846 1586 1912; x_wconf 78' lang='grc' dir='ltr'><strong><em>κρέα</em></strong></span> <span class='ocrx_word' id='word_1_109' title='bbox 1622 1841 1765 1896; x_wconf 74' lang='grc' dir='ltr'><strong><em>κατὰ</em></strong></span> <span class='ocrx_word' id='word_1_110' title='bbox 1798 1838 2035 1895; x_wconf 79' lang='grc' dir='ltr'><strong><em>παιδιάν</em></strong></span> <span class='ocrx_word' id='word_1_111' title='bbox 2051 1844 2125 1907; x_wconf 86' lang='grc' dir='ltr'><strong><em>Μ,</em></strong></span> <span class='ocrx_word' id='word_1_112' title='bbox 2161 1843 2300 1910; x_wconf 78' lang='grc' dir='ltr'><strong><em>κρέα</em></strong></span> <span class='ocrx_word' id='word_1_113' title='bbox 2335 1837 2373 1907; x_wconf 76' lang='grc' dir='ltr'><em>ἢ</em></span> <span class='ocrx_word' id='word_1_114' title='bbox 2407 1859 2538 1893; x_wconf 83' lang='grc' dir='ltr'><strong><em>παι-</em></strong></span> 
     </span>
     <span class='ocr_line' id='line_1_15' title="bbox 455 1924 2537 1999; baseline -0 -18"><span class='ocrx_word' id='word_1_115' title='bbox 455 1924 586 1981; x_wconf 80' lang='grc' dir='ltr'><strong><em>διάν</em></strong></span> <span class='ocrx_word' id='word_1_116' title='bbox 605 1926 778 1986; x_wconf 66' lang='lat'><strong><em>215242.</em></strong></span> <span class='ocrx_word' id='word_1_117' title='bbox 851 1930 1028 1984; x_wconf 78' lang='lat' dir='ltr'>minus</span> <span class='ocrx_word' id='word_1_118' title='bbox 1063 1930 1199 1984; x_wconf 87' lang='lat' dir='ltr'>bene</span> <span class='ocrx_word' id='word_1_119' title='bbox 1235 1948 1333 1999; x_wconf 84' lang='lat' dir='ltr'><strong><em>ego</em></strong></span> <span class='ocrx_word' id='word_1_120' title='bbox 1369 1930 1429 1984; x_wconf 88' lang='lat' dir='ltr'><strong><em>in</em></strong></span> <span class='ocrx_word' id='word_1_121' title='bbox 1465 1930 1705 1996; x_wconf 77' lang='lat' dir='ltr'><strong><em>Quaestt.</em></strong></span> <span class='ocrx_word' id='word_1_122' title='bbox 1725 1930 1786 1985; x_wconf 90' lang='lat' dir='ltr'><strong><em>L.</em></strong></span> <span class='ocrx_word' id='word_1_123' title='bbox 1818 1947 1870 1999; x_wconf 90' lang='lat' dir='ltr'><strong><em>p.</em></strong></span> <span class='ocrx_word' id='word_1_124' title='bbox 1891 1932 1958 1986; x_wconf 85' lang='lat'><strong><em>87</em></strong></span> <span class='ocrx_word' id='word_1_125' title='bbox 1994 1929 2344 1999; x_wconf 73' lang='lat' dir='ltr'><strong>conjeceram:</strong></span> <span class='ocrx_word' id='word_1_126' title='bbox 2380 1930 2537 1996; x_wconf 75' lang='grc' dir='ltr'><strong><em>κρέα,</em></strong></span> 
     </span>
     <span class='ocr_line' id='line_1_16' title="bbox 453 2006 2540 2086; baseline 0 -19"><span class='ocrx_word' id='word_1_127' title='bbox 453 2006 595 2082; x_wconf 78' lang='grc' dir='ltr'><strong><em>κᾷτα</em></strong></span> <span class='ocrx_word' id='word_1_128' title='bbox 628 2012 864 2068; x_wconf 82' lang='grc' dir='ltr'><strong><em>παιδιάν</em></strong></span> <span class='ocrx_word' id='word_1_129' title='bbox 885 2045 973 2078; x_wconf 89' lang='grc'><strong><em>-,</em></strong></span> <span class='ocrx_word' id='word_1_130' title='bbox 1033 2016 1135 2070; x_wconf 82' lang='lat' dir='ltr'><strong><em>hoe</em></strong></span> <span class='ocrx_word' id='word_1_131' title='bbox 1169 2018 1348 2070; x_wconf 80' lang='lat' dir='ltr'>tamen</span> <span class='ocrx_word' id='word_1_132' title='bbox 1378 2016 1489 2086; x_wconf 84' lang='lat' dir='ltr'><strong><em>jam</em></strong></span> <span class='ocrx_word' id='word_1_133' title='bbox 1522 2020 1640 2070; x_wconf 85' lang='lat' dir='ltr'><strong><em>tum</em></strong></span> <span class='ocrx_word' id='word_1_134' title='bbox 1674 2017 1806 2071; x_wconf 81' lang='lat' dir='ltr'>satis</span> <span class='ocrx_word' id='word_1_135' title='bbox 1842 2017 1979 2071; x_wconf 89' lang='lat' dir='ltr'>bene</span> <span class='ocrx_word' id='word_1_136' title='bbox 2013 2016 2247 2071; x_wconf 78' lang='lat' dir='ltr'>videram</span> <span class='ocrx_word' id='word_1_137' title='bbox 2280 2015 2333 2069; x_wconf 83' lang='lat' dir='ltr'><strong><em>h.</em></strong></span> <span class='ocrx_word' id='word_1_138' title='bbox 2369 2014 2404 2069; x_wconf 92' lang='lat'><strong><em>1.</em></strong></span> <span class='ocrx_word' id='word_1_139' title='bbox 2441 2013 2540 2068; x_wconf 81' lang='lat' dir='ltr'>ali-</span> 
     </span>
     <span class='ocr_line' id='line_1_17' title="bbox 453 2100 2539 2173; baseline -0.001 -17"><span class='ocrx_word' id='word_1_140' title='bbox 453 2101 583 2172; x_wconf 86' lang='lat' dir='ltr'>quid</span> <span class='ocrx_word' id='word_1_141' title='bbox 618 2102 888 2157; x_wconf 76' lang='lat' dir='ltr'>excidisse.</span> <span class='ocrx_word' id='word_1_142' title='bbox 962 2102 1113 2157; x_wconf 85' lang='lat' dir='ltr'>deest</span> <span class='ocrx_word' id='word_1_143' title='bbox 1146 2100 1514 2171; x_wconf 78' lang='lat' dir='ltr'>imperfectum</span> <span class='ocrx_word' id='word_1_144' title='bbox 1548 2102 1764 2173; x_wconf 84' lang='lat' dir='ltr'>aliquod</span> <span class='ocrx_word' id='word_1_145' title='bbox 1799 2106 1855 2158; x_wconf 88' lang='lat' dir='ltr'><strong><em>et</em></strong></span> <span class='ocrx_word' id='word_1_146' title='bbox 1888 2100 1928 2171; x_wconf 78' lang='grc' dir='ltr'><em>ἤ</em></span> <span class='ocrx_word' id='word_1_147' title='bbox 1960 2103 2150 2158; x_wconf 84' lang='lat' dir='ltr'>veluti:</span> <span class='ocrx_word' id='word_1_148' title='bbox 2186 2106 2323 2172; x_wconf 80' lang='grc' dir='ltr'><strong><em>κρέα</em></strong></span> <span class='ocrx_word' id='word_1_149' title='bbox 2358 2101 2539 2169; x_wconf 78' lang='grc' dir='ltr'><strong><em>[κατε-</em></strong></span> 
     </span>
     <span class='ocr_line' id='line_1_18' title="bbox 454 2177 2399 2258; baseline 0.001 -15"><span class='ocrx_word' id='word_1_150' title='bbox 454 2177 718 2258; x_wconf 76' lang='grc' dir='ltr'><strong><em>σοφίζετο</em></strong></span> <span class='ocrx_word' id='word_1_151' title='bbox 754 2187 811 2258; x_wconf 80' lang='grc' dir='ltr'><strong><em>ἢ]</em></strong></span> <span class='ocrx_word' id='word_1_152' title='bbox 849 2185 1086 2242; x_wconf 79' lang='grc' dir='ltr'><strong><em>παιδιάν</em></strong></span> <span class='ocrx_word' id='word_1_153' title='bbox 1104 2218 1190 2240; x_wconf 96' lang='grc'><strong><em>-.</em></strong></span> <span class='ocrx_word' id='word_1_154' title='bbox 1338 2188 1534 2251; x_wconf 71' lang='grc' dir='ltr'><strong><em>ἔπαιζε</em></strong></span> <span class='ocrx_word' id='word_1_155' title='bbox 1573 2188 1728 2248; x_wconf 63' lang='grc' dir='ltr'><strong>ἓῑΩΦ</strong></span> <span class='ocrx_word' id='word_1_156' title='bbox 1763 2194 1819 2244; x_wconf 82' lang='lat' dir='ltr'><strong><em>et</em></strong></span> <span class='ocrx_word' id='word_1_157' title='bbox 1851 2209 1900 2256; x_wconf 83' lang='lat' dir='ltr'><strong><em>v,</em></strong></span> <span class='ocrx_word' id='word_1_158' title='bbox 1938 2187 2132 2252; x_wconf 76' lang='grc' dir='ltr'><strong><em>ἔπαιξε</em></strong></span> <span class='ocrx_word' id='word_1_159' title='bbox 2167 2190 2214 2245; x_wconf 88' lang='grc' dir='ltr'>Β</span> <span class='ocrx_word' id='word_1_160' title='bbox 2248 2188 2399 2244; x_wconf 79' lang='lat' dir='ltr'>male.</span> 
     </span>
     <span class='ocr_line' id='line_1_19' title="bbox 450 2273 1724 2346; baseline 0.003 -17"><span class='ocrx_word' id='word_1_161' title='bbox 450 2275 866 2346; x_wconf 65' lang='lat' dir='ltr'><strong><em>wscpduevoc&#39;a.</em></strong></span> <span class='ocrx_word' id='word_1_162' title='bbox 1011 2275 1040 2330; x_wconf 84' lang='grc' dir='ltr'><strong>ὁ</strong></span> <span class='ocrx_word' id='word_1_163' title='bbox 1082 2273 1430 2346; x_wconf 73' lang='grc' dir='ltr'><strong><em>αἱρούμενος]</em></strong></span> <span class='ocrx_word' id='word_1_164' title='bbox 1471 2275 1500 2329; x_wconf 81' lang='grc' dir='ltr'><strong><em>ὁ</em></strong></span> <span class='ocrx_word' id='word_1_165' title='bbox 1539 2293 1626 2331; x_wconf 90' lang='lat' dir='ltr'><strong><em>om</em></strong></span> <span class='ocrx_word' id='word_1_166' title='bbox 1658 2278 1724 2332; x_wconf 91' lang='grc' dir='ltr'><strong><em>Β.</em></strong></span> 
     </span>
    </p>

    <p class='ocr_par' dir='ltr' id='par_1_5' title="bbox 589 2376 2535 2450">
     <span class='ocr_line' id='line_1_20' title="bbox 589 2376 2535 2450; baseline -0.002 -13"><span class='ocrx_word' id='word_1_167' title='bbox 589 2385 640 2437; x_wconf 90' lang='grc'><strong><em>9.</em></strong></span> <span class='ocrx_word' id='word_1_168' title='bbox 715 2376 768 2433; x_wconf 77' lang='grc' dir='ltr'><strong><em>δ’</em></strong></span> <span class='ocrx_word' id='word_1_169' title='bbox 811 2379 961 2450; x_wconf 72' lang='grc' dir='ltr'><strong><em>ὅμως</em></strong></span> <span class='ocrx_word' id='word_1_170' title='bbox 992 2382 1108 2444; x_wconf 86' lang='grc' dir='ltr'><strong><em>ΒΩ,</em></strong></span> <span class='ocrx_word' id='word_1_171' title='bbox 1162 2377 1224 2434; x_wconf 76' lang='grc' dir='ltr'><strong><em>δὲ</em></strong></span> <span class='ocrx_word' id='word_1_172' title='bbox 1261 2379 1367 2439; x_wconf 64' lang='grc' dir='ltr'><strong><em>ἓῑΦ</em></strong></span> <span class='ocrx_word' id='word_1_173' title='bbox 1415 2383 1472 2435; x_wconf 86' lang='lat' dir='ltr'><strong><em>et</em></strong></span> <span class='ocrx_word' id='word_1_174' title='bbox 1502 2400 1552 2436; x_wconf 86' lang='lat' dir='ltr'><strong><em>v.</em></strong></span> <span class='ocrx_word' id='word_1_175' title='bbox 1626 2380 1692 2435; x_wconf 85' lang='lat' dir='ltr'><strong><em>cf.</em></strong></span> <span class='ocrx_word' id='word_1_176' title='bbox 1729 2380 1871 2435; x_wconf 80' lang='lat' dir='ltr'>infra</span> <span class='ocrx_word' id='word_1_177' title='bbox 1904 2381 1937 2449; x_wconf 63' lang='grc' dir='ltr'><strong>ἕ</strong></span> <span class='ocrx_word' id='word_1_178' title='bbox 1976 2382 2041 2437; x_wconf 87' lang='grc'><strong><em>15</em></strong></span> <span class='ocrx_word' id='word_1_179' title='bbox 2076 2381 2196 2435; x_wconf 79' lang='lat' dir='ltr'>init.</span> <span class='ocrx_word' id='word_1_180' title='bbox 2243 2396 2377 2434; x_wconf 80' lang='lat' dir='ltr'>varr.</span> <span class='ocrx_word' id='word_1_181' title='bbox 2413 2378 2535 2434; x_wconf 83' lang='lat' dir='ltr'>leot.</span> 
     </span>
    </p>

    <p class='ocr_par' dir='ltr' id='par_1_6' title="bbox 396 2463 2536 3926">
     <span class='ocr_line' id='line_1_21' title="bbox 586 2463 2531 2542; baseline -0.001 -22"><span class='ocrx_word' id='word_1_182' title='bbox 586 2467 692 2534; x_wconf 83' lang='grc' dir='ltr'><strong><em>τὴν</em></strong></span> <span class='ocrx_word' id='word_1_183' title='bbox 727 2464 862 2532; x_wconf 80' lang='grc' dir='ltr'><strong><em>ὅλην</em></strong></span> <span class='ocrx_word' id='word_1_184' title='bbox 900 2463 960 2520; x_wconf 79' lang='grc' dir='ltr'><strong><em>δὲ</em></strong></span> <span class='ocrx_word' id='word_1_185' title='bbox 996 2469 1059 2534; x_wconf 89' lang='grc' dir='ltr'><strong><em>Β,</em></strong></span> <span class='ocrx_word' id='word_1_186' title='bbox 1096 2467 1199 2535; x_wconf 83' lang='grc' dir='ltr'><strong><em>τὴν</em></strong></span> <span class='ocrx_word' id='word_1_187' title='bbox 1235 2463 1289 2520; x_wconf 81' lang='grc' dir='ltr'><strong><em>δ’</em></strong></span> <span class='ocrx_word' id='word_1_188' title='bbox 1333 2465 1468 2534; x_wconf 80' lang='grc' dir='ltr'><strong><em>ὅλην</em></strong></span> <span class='ocrx_word' id='word_1_189' title='bbox 1505 2466 1662 2526; x_wconf 60' lang='grc' dir='ltr'><strong><em>ἋΦΩ</em></strong></span> <span class='ocrx_word' id='word_1_190' title='bbox 1697 2471 1815 2523; x_wconf 72' lang='lat' dir='ltr'><strong><em>etv.</em></strong></span> <span class='ocrx_word' id='word_1_191' title='bbox 1957 2464 2531 2542; x_wconf 62' lang='grc' dir='ltr'><strong><em>υφῃρῆσθαιΒῖΙΦΩ,</em></strong></span> 
     </span>
     <span class='ocr_line' id='line_1_22' title="bbox 450 2551 2536 2628; baseline 0.001 -23"><span class='ocrx_word' id='word_1_192' title='bbox 450 2552 802 2628; x_wconf 75' lang='grc' dir='ltr'><strong><em>ὑφῃρεῖσθαι</em></strong></span> <span class='ocrx_word' id='word_1_193' title='bbox 836 2556 872 2611; x_wconf 88' lang='lat' dir='ltr'><strong>J</strong></span> <span class='ocrx_word' id='word_1_194' title='bbox 906 2554 1022 2610; x_wconf 81' lang='lat' dir='ltr'><strong><em>edd.</em></strong></span> <span class='ocrx_word' id='word_1_195' title='bbox 1060 2558 1189 2610; x_wconf 76' lang='lat' dir='ltr'>vett.</span> <span class='ocrx_word' id='word_1_196' title='bbox 1343 2557 1402 2608; x_wconf 84' lang='grc' dir='ltr'><strong><em>τί</em></strong></span> <span class='ocrx_word' id='word_1_197' title='bbox 1434 2574 1565 2620; x_wconf 72' lang='grc' dir='ltr'><strong><em>ουνς</em></strong></span> <span class='ocrx_word' id='word_1_198' title='bbox 1618 2551 1714 2607; x_wconf 81' lang='grc' dir='ltr'><strong><em>διὰ</em></strong></span> <span class='ocrx_word' id='word_1_199' title='bbox 1737 2583 1807 2593; x_wconf 89' lang='grc'><strong><em>--</em></strong></span> <span class='ocrx_word' id='word_1_200' title='bbox 1841 2555 2180 2610; x_wconf 73' lang='lat' dir='ltr'>Lehmannus</span> <span class='ocrx_word' id='word_1_201' title='bbox 2216 2571 2311 2626; x_wconf 85' lang='lat' dir='ltr'><strong><em>pro</em></strong></span> <span class='ocrx_word' id='word_1_202' title='bbox 2345 2556 2404 2607; x_wconf 78' lang='grc' dir='ltr'><strong><em>τί</em></strong></span> <span class='ocrx_word' id='word_1_203' title='bbox 2437 2574 2536 2608; x_wconf 83' lang='grc' dir='ltr'><strong><em>ουν</em></strong></span> 
     </span>
     <span class='ocr_line' id='line_1_23' title="bbox 452 2639 2533 2715; baseline -0 -21"><span class='ocrx_word' id='word_1_204' title='bbox 452 2639 549 2694; x_wconf 84' lang='grc' dir='ltr'><strong><em>διὰ</em></strong></span> <span class='ocrx_word' id='word_1_205' title='bbox 565 2671 652 2696; x_wconf 91' lang='grc'><strong><em>-.</em></strong></span> <span class='ocrx_word' id='word_1_206' title='bbox 799 2640 1062 2696; x_wconf 79' lang='grc' dir='ltr'><strong><em>διατοῦτο</em></strong></span> <span class='ocrx_word' id='word_1_207' title='bbox 1081 2644 1144 2698; x_wconf 91' lang='grc' dir='ltr'><strong><em>Β.</em></strong></span> <span class='ocrx_word' id='word_1_208' title='bbox 1287 2642 1355 2715; x_wconf 81' lang='grc' dir='ltr'><strong><em>τῇ</em></strong></span> <span class='ocrx_word' id='word_1_209' title='bbox 1393 2642 1461 2714; x_wconf 82' lang='grc' dir='ltr'><strong><em>γῇ</em></strong></span> <span class='ocrx_word' id='word_1_210' title='bbox 1497 2642 1600 2695; x_wconf 83' lang='grc' dir='ltr'><strong><em>τὸν</em></strong></span> <span class='ocrx_word' id='word_1_211' title='bbox 1636 2639 1899 2711; x_wconf 80' lang='grc' dir='ltr'><strong><em>οὐρανὸν]</em></strong></span> <span class='ocrx_word' id='word_1_212' title='bbox 1924 2642 2027 2710; x_wconf 85' lang='grc' dir='ltr'><strong><em>τὴν</em></strong></span> <span class='ocrx_word' id='word_1_213' title='bbox 2061 2643 2165 2713; x_wconf 84' lang='grc' dir='ltr'><strong><em>γῆν</em></strong></span> <span class='ocrx_word' id='word_1_214' title='bbox 2197 2643 2273 2709; x_wconf 76' lang='grc' dir='ltr'><strong><em>τῷ</em></strong></span> <span class='ocrx_word' id='word_1_215' title='bbox 2312 2640 2533 2710; x_wconf 73' lang='grc' dir='ltr'><strong><em>οὐρανῷ</em></strong></span> 
     </span>
     <span class='ocr_line' id='line_1_24' title="bbox 451 2726 2533 2800; baseline -0.001 -14"><span class='ocrx_word' id='word_1_216' title='bbox 451 2726 516 2786; x_wconf 65' lang='grc' dir='ltr'><strong>ἓῐ.</strong></span> <span class='ocrx_word' id='word_1_217' title='bbox 586 2728 653 2784; x_wconf 84' lang='lat' dir='ltr'><strong><em>ef.</em></strong></span> <span class='ocrx_word' id='word_1_218' title='bbox 700 2730 902 2785; x_wconf 79' lang='lat' dir='ltr'>similes</span> <span class='ocrx_word' id='word_1_219' title='bbox 949 2729 1094 2784; x_wconf 75' lang='lat' dir='ltr'>locos</span> <span class='ocrx_word' id='word_1_220' title='bbox 1141 2730 1286 2800; x_wconf 81' lang='lat' dir='ltr'><strong><em>apud</em></strong></span> <span class='ocrx_word' id='word_1_221' title='bbox 1320 2729 1670 2784; x_wconf 84' lang='lat' dir='ltr'>Leutschium</span> <span class='ocrx_word' id='word_1_222' title='bbox 1704 2730 2126 2798; x_wconf 74' lang='lat' dir='ltr'>Paroemiogr.1</span> <span class='ocrx_word' id='word_1_223' title='bbox 2159 2747 2211 2800; x_wconf 88' lang='lat' dir='ltr'><strong><em>p.</em></strong></span> <span class='ocrx_word' id='word_1_224' title='bbox 2248 2734 2367 2795; x_wconf 86' lang='lat'><strong>390,</strong></span> <span class='ocrx_word' id='word_1_225' title='bbox 2413 2730 2533 2800; x_wconf 86' lang='lat' dir='ltr'>qui-</span> 
     </span>
     <span class='ocr_line' id='line_1_25' title="bbox 449 2815 2531 2886; baseline 0 -16"><span class='ocrx_word' id='word_1_226' title='bbox 449 2816 548 2870; x_wconf 81' lang='lat' dir='ltr'><strong><em>bus</em></strong></span> <span class='ocrx_word' id='word_1_227' title='bbox 597 2816 732 2871; x_wconf 81' lang='lat' dir='ltr'>adde</span> <span class='ocrx_word' id='word_1_228' title='bbox 776 2818 1042 2886; x_wconf 77' lang='lat' dir='ltr'>tragicum</span> <span class='ocrx_word' id='word_1_229' title='bbox 1089 2815 1440 2886; x_wconf 80' lang='lat' dir='ltr'>(Euripidem)</span> <span class='ocrx_word' id='word_1_230' title='bbox 1486 2817 1546 2871; x_wconf 90' lang='lat' dir='ltr'><strong><em>in</em></strong></span> <span class='ocrx_word' id='word_1_231' title='bbox 1594 2817 1749 2885; x_wconf 79' lang='lat' dir='ltr'><strong>Trag.</strong></span> <span class='ocrx_word' id='word_1_232' title='bbox 1799 2816 1890 2872; x_wconf 79' lang='lat' dir='ltr'><strong><em>Gr.</em></strong></span> <span class='ocrx_word' id='word_1_233' title='bbox 1938 2818 2149 2885; x_wconf 84' lang='lat' dir='ltr'>Fragm.</span> <span class='ocrx_word' id='word_1_234' title='bbox 2197 2834 2249 2886; x_wconf 95' lang='lat' dir='ltr'><strong><em>p.</em></strong></span> <span class='ocrx_word' id='word_1_235' title='bbox 2300 2819 2402 2874; x_wconf 87' lang='grc'><strong><em>718</em></strong></span> <span class='ocrx_word' id='word_1_236' title='bbox 2448 2816 2531 2871; x_wconf 86' lang='lat' dir='ltr'><strong><em>ed.</em></strong></span> 
     </span>
     <span class='ocr_line' id='line_1_26' title="bbox 449 2902 2530 2973; baseline 0 -17"><span class='ocrx_word' id='word_1_237' title='bbox 449 2902 649 2957; x_wconf 80' lang='lat' dir='ltr'><strong><em>Nauck.</em></strong></span> <span class='ocrx_word' id='word_1_238' title='bbox 686 2906 743 2957; x_wconf 87' lang='lat' dir='ltr'><strong><em>et</em></strong></span> <span class='ocrx_word' id='word_1_239' title='bbox 774 2904 853 2957; x_wconf 91' lang='lat' dir='ltr'><strong><em>ibi</em></strong></span> <span class='ocrx_word' id='word_1_240' title='bbox 886 2903 1201 2968; x_wconf 80' lang='lat' dir='ltr'>Nauekium,</span> <span class='ocrx_word' id='word_1_241' title='bbox 1239 2904 1466 2973; x_wconf 88' lang='lat' dir='ltr'>denique</span> <span class='ocrx_word' id='word_1_242' title='bbox 1500 2904 1775 2958; x_wconf 81' lang='lat' dir='ltr'>Demosth.</span> <span class='ocrx_word' id='word_1_243' title='bbox 1793 2907 1879 2969; x_wconf 81' lang='lat'><strong><em>25,</em></strong></span> <span class='ocrx_word' id='word_1_244' title='bbox 1898 2907 1981 2969; x_wconf 85' lang='lat'><strong><em>75,</em></strong></span> <span class='ocrx_word' id='word_1_245' title='bbox 2019 2904 2077 2958; x_wconf 90' lang='grc' dir='ltr'><strong><em>Τ.</em></strong></span> <span class='ocrx_word' id='word_1_246' title='bbox 2100 2904 2312 2958; x_wconf 89' lang='lat' dir='ltr'>Livium</span> <span class='ocrx_word' id='word_1_247' title='bbox 2327 2904 2530 2957; x_wconf 80' lang='lat' dir='ltr'>Hister.</span> 
     </span>
     <span class='ocr_line' id='line_1_27' title="bbox 451 2990 2532 3058; baseline 0.001 -15"><span class='ocrx_word' id='word_1_248' title='bbox 451 2991 501 3054; x_wconf 90' lang='lat'><strong><em>4,</em></strong></span> <span class='ocrx_word' id='word_1_249' title='bbox 537 2991 585 3054; x_wconf 88' lang='lat'><strong><em>3,</em></strong></span> <span class='ocrx_word' id='word_1_250' title='bbox 633 2990 835 3058; x_wconf 84' lang='lat' dir='ltr'>Vergil.</span> <span class='ocrx_word' id='word_1_251' title='bbox 872 2990 1006 3045; x_wconf 89' lang='lat' dir='ltr'><strong><em>Aen.</em></strong></span> <span class='ocrx_word' id='word_1_252' title='bbox 1043 2990 1088 3055; x_wconf 95' lang='grc' dir='ltr'><strong><em>Ι,</em></strong></span> <span class='ocrx_word' id='word_1_253' title='bbox 1128 2993 1243 3047; x_wconf 85' lang='grc'><strong>133.</strong></span> <span class='ocrx_word' id='word_1_254' title='bbox 1309 2991 1373 3055; x_wconf 90' lang='lat' dir='ltr'><strong><em>V,</em></strong></span> <span class='ocrx_word' id='word_1_255' title='bbox 1411 2993 1530 3055; x_wconf 84' lang='lat'><strong>790,</strong></span> <span class='ocrx_word' id='word_1_256' title='bbox 1578 2990 1815 3045; x_wconf 78' lang='lat' dir='ltr'><strong>Juvenal.</strong></span> <span class='ocrx_word' id='word_1_257' title='bbox 1864 2990 1974 3045; x_wconf 76' lang='lat' dir='ltr'><strong><em>Sat.</em></strong></span> <span class='ocrx_word' id='word_1_258' title='bbox 2023 2991 2098 3056; x_wconf 89' lang='lat' dir='ltr'><strong><em>H,</em></strong></span> <span class='ocrx_word' id='word_1_259' title='bbox 2141 2992 2226 3047; x_wconf 84' lang='lat'><strong><em>25.</em></strong></span> <span class='ocrx_word' id='word_1_260' title='bbox 2298 2991 2395 3055; x_wconf 90' lang='lat' dir='ltr'><strong><em>VI,</em></strong></span> <span class='ocrx_word' id='word_1_261' title='bbox 2428 2990 2532 3046; x_wconf 84' lang='lat'><strong><em>283</em></strong></span> 
     </span>
     <span class='ocr_line' id='line_1_28' title="bbox 452 3072 2530 3144; baseline 0.002 -16"><span class='ocrx_word' id='word_1_262' title='bbox 452 3092 531 3144; x_wconf 81' lang='lat' dir='ltr'><strong><em>sq.</em></strong></span> <span class='ocrx_word' id='word_1_263' title='bbox 606 3073 895 3129; x_wconf 74' lang='grc' dir='ltr'><strong><em>ἐκκόπτειν</em></strong></span> <span class='ocrx_word' id='word_1_264' title='bbox 929 3074 1085 3134; x_wconf 64' lang='grc' dir='ltr'><strong><em>ἓΙΩΦ</em></strong></span> <span class='ocrx_word' id='word_1_265' title='bbox 1105 3080 1161 3132; x_wconf 74' lang='lat' dir='ltr'><strong><em>et</em></strong></span> <span class='ocrx_word' id='word_1_266' title='bbox 1176 3095 1224 3142; x_wconf 84' lang='lat' dir='ltr'><strong><em>v,</em></strong></span> <span class='ocrx_word' id='word_1_267' title='bbox 1259 3076 1354 3130; x_wconf 80' lang='lat' dir='ltr'><strong><em>sed</em></strong></span> <span class='ocrx_word' id='word_1_268' title='bbox 1387 3079 1531 3131; x_wconf 68' lang='lat' dir='ltr'>recte</span> <span class='ocrx_word' id='word_1_269' title='bbox 1569 3072 1928 3128; x_wconf 81' lang='grc' dir='ltr'><strong><em>ἐκκολάπτειν</em></strong></span> <span class='ocrx_word' id='word_1_270' title='bbox 1945 3077 2008 3140; x_wconf 91' lang='grc' dir='ltr'><strong><em>Β,</em></strong></span> <span class='ocrx_word' id='word_1_271' title='bbox 2044 3076 2202 3130; x_wconf 80' lang='lat' dir='ltr'>verbo</span> <span class='ocrx_word' id='word_1_272' title='bbox 2236 3077 2337 3130; x_wconf 76' lang='lat' dir='ltr'><strong><em>hac</em></strong></span> <span class='ocrx_word' id='word_1_273' title='bbox 2372 3076 2438 3132; x_wconf 79' lang='lat' dir='ltr'><strong><em>de</em></strong></span> <span class='ocrx_word' id='word_1_274' title='bbox 2472 3095 2530 3132; x_wconf 82' lang='lat' dir='ltr'><strong><em>re</em></strong></span> 
     </span>
     <span class='ocr_line' id='line_1_29' title="bbox 449 3158 2532 3233; baseline 0.002 -18"><span class='ocrx_word' id='word_1_275' title='bbox 449 3163 678 3232; x_wconf 84' lang='lat' dir='ltr'><strong><em>proprie.</em></strong></span> <span class='ocrx_word' id='word_1_276' title='bbox 750 3163 879 3218; x_wconf 86' lang='lat' dir='ltr'>hine</span> <span class='ocrx_word' id='word_1_277' title='bbox 928 3164 1113 3233; x_wconf 82' lang='lat' dir='ltr'><strong><em>‚pieus‘</em></strong></span> <span class='ocrx_word' id='word_1_278' title='bbox 1160 3164 1324 3217; x_wconf 83' lang='lat' dir='ltr'>attiee</span> <span class='ocrx_word' id='word_1_279' title='bbox 1371 3163 1572 3217; x_wconf 83' lang='lat' dir='ltr'>dieitur</span> <span class='ocrx_word' id='word_1_280' title='bbox 1618 3158 2002 3232; x_wconf 76' lang='grc' dir='ltr'><strong><em>δρυκολάπτης</em></strong></span> <span class='ocrx_word' id='word_1_281' title='bbox 2047 3164 2113 3216; x_wconf 84' lang='lat' dir='ltr'><strong><em>ab</em></strong></span> <span class='ocrx_word' id='word_1_282' title='bbox 2160 3163 2434 3233; x_wconf 78' lang='lat' dir='ltr'>Aristoph.</span> <span class='ocrx_word' id='word_1_283' title='bbox 2472 3165 2532 3218; x_wconf 88' lang='lat' dir='ltr'><strong><em>in</em></strong></span> 
     </span>
     <span class='ocr_line' id='line_1_30' title="bbox 449 3246 2530 3320; baseline 0.001 -18"><span class='ocrx_word' id='word_1_284' title='bbox 449 3248 651 3303; x_wconf 82' lang='lat' dir='ltr'>Avibus</span> <span class='ocrx_word' id='word_1_285' title='bbox 685 3267 733 3303; x_wconf 87' lang='lat' dir='ltr'><strong><em>v.</em></strong></span> <span class='ocrx_word' id='word_1_286' title='bbox 767 3251 890 3305; x_wconf 86' lang='lat'><strong>480.</strong></span> <span class='ocrx_word' id='word_1_287' title='bbox 966 3249 1031 3304; x_wconf 88' lang='lat' dir='ltr'><strong><em>de</em></strong></span> <span class='ocrx_word' id='word_1_288' title='bbox 1065 3250 1244 3320; x_wconf 83' lang='lat' dir='ltr'>aquila</span> <span class='ocrx_word' id='word_1_289' title='bbox 1288 3249 1595 3304; x_wconf 79' lang='lat' dir='ltr'>Promethei</span> <span class='ocrx_word' id='word_1_290' title='bbox 1639 3250 1866 3304; x_wconf 79' lang='lat' dir='ltr'>recurrit</span> <span class='ocrx_word' id='word_1_291' title='bbox 1907 3246 2206 3302; x_wconf 79' lang='grc' dir='ltr'><strong><em>κολάπτειν</em></strong></span> <span class='ocrx_word' id='word_1_292' title='bbox 2253 3251 2313 3304; x_wconf 88' lang='lat' dir='ltr'><strong><em>in</em></strong></span> <span class='ocrx_word' id='word_1_293' title='bbox 2358 3251 2394 3304; x_wconf 93' lang='lat' dir='ltr'><strong><em>l.</em></strong></span> <span class='ocrx_word' id='word_1_294' title='bbox 2435 3267 2530 3320; x_wconf 86' lang='lat' dir='ltr'><strong><em>ge-</em></strong></span> 
     </span>
     <span class='ocr_line' id='line_1_31' title="bbox 450 3331 2528 3405; baseline 0.001 -17"><span class='ocrx_word' id='word_1_295' title='bbox 450 3335 591 3388; x_wconf 82' lang='lat' dir='ltr'>mino</span> <span class='ocrx_word' id='word_1_296' title='bbox 626 3336 707 3389; x_wconf 83' lang='lat' dir='ltr'><strong><em>De</em></strong></span> <span class='ocrx_word' id='word_1_297' title='bbox 741 3335 974 3390; x_wconf 75' lang='lat' dir='ltr'><strong><em>SacriflO.</em></strong></span> <span class='ocrx_word' id='word_1_298' title='bbox 1013 3335 1046 3403; x_wconf 61' lang='grc' dir='ltr'><strong>ἓ</strong></span> <span class='ocrx_word' id='word_1_299' title='bbox 1081 3339 1114 3390; x_wconf 86' lang='grc'><strong>6</strong></span> <span class='ocrx_word' id='word_1_300' title='bbox 1149 3335 1239 3390; x_wconf 91' lang='lat' dir='ltr'><strong><em>fin.</em></strong></span> <span class='ocrx_word' id='word_1_301' title='bbox 1389 3332 1516 3404; x_wconf 80' lang='grc' dir='ltr'><strong><em>ὅρα,</em></strong></span> <span class='ocrx_word' id='word_1_302' title='bbox 1570 3335 1641 3402; x_wconf 73' lang='grc' dir='ltr'><strong><em>μὴ</em></strong></span> <span class='ocrx_word' id='word_1_303' title='bbox 1696 3331 1908 3403; x_wconf 77' lang='grc' dir='ltr'><strong><em>πολλήν</em></strong></span> <span class='ocrx_word' id='word_1_304' title='bbox 1942 3334 2090 3405; x_wconf 87' lang='grc' dir='ltr'><strong><em>τινα]</em></strong></span> <span class='ocrx_word' id='word_1_305' title='bbox 2138 3338 2217 3390; x_wconf 78' lang='lat' dir='ltr'><strong><em>ita</em></strong></span> <span class='ocrx_word' id='word_1_306' title='bbox 2252 3337 2378 3392; x_wconf 83' lang='lat' dir='ltr'>olim</span> <span class='ocrx_word' id='word_1_307' title='bbox 2414 3353 2528 3391; x_wconf 80' lang='lat'><strong>001·-</strong></span> 
     </span>
     <span class='ocr_line' id='line_1_32' title="bbox 450 3418 2532 3492; baseline 0.001 -19"><span class='ocrx_word' id='word_1_308' title='bbox 450 3421 576 3475; x_wconf 80' lang='lat' dir='ltr'>rexi.</span> <span class='ocrx_word' id='word_1_309' title='bbox 649 3418 759 3491; x_wconf 78' lang='grc' dir='ltr'><strong><em>ὅρα</em></strong></span> <span class='ocrx_word' id='word_1_310' title='bbox 793 3421 921 3491; x_wconf 79' lang='grc' dir='ltr'><strong><em>γὰρ,</em></strong></span> <span class='ocrx_word' id='word_1_311' title='bbox 971 3420 1048 3489; x_wconf 81' lang='grc' dir='ltr'><strong><em>μὴ</em></strong></span> <span class='ocrx_word' id='word_1_312' title='bbox 1087 3420 1299 3489; x_wconf 81' lang='grc' dir='ltr'><strong><em>πολλήν</em></strong></span> <span class='ocrx_word' id='word_1_313' title='bbox 1332 3441 1456 3474; x_wconf 87' lang='grc' dir='ltr'><strong><em>τινα</em></strong></span> <span class='ocrx_word' id='word_1_314' title='bbox 1491 3422 1556 3487; x_wconf 95' lang='grc' dir='ltr'><strong><em>Β,</em></strong></span> <span class='ocrx_word' id='word_1_315' title='bbox 1594 3418 1703 3490; x_wconf 82' lang='grc' dir='ltr'><strong><em>ὅρα</em></strong></span> <span class='ocrx_word' id='word_1_316' title='bbox 1736 3421 1864 3492; x_wconf 75' lang='grc' dir='ltr'><strong><em>γὰρ,</em></strong></span> <span class='ocrx_word' id='word_1_317' title='bbox 1903 3423 1979 3489; x_wconf 83' lang='grc' dir='ltr'><strong><em>μὴ</em></strong></span> <span class='ocrx_word' id='word_1_318' title='bbox 2017 3419 2228 3489; x_wconf 80' lang='grc' dir='ltr'><strong><em>πολλὴν</em></strong></span> <span class='ocrx_word' id='word_1_319' title='bbox 2246 3422 2367 3491; x_wconf 89' lang='lat' dir='ltr'><strong><em>(om.</em></strong></span> <span class='ocrx_word' id='word_1_320' title='bbox 2383 3422 2532 3491; x_wconf 85' lang='grc' dir='ltr'><strong><em>τινα)</em></strong></span> 
     </span>
     <span class='ocr_line' id='line_1_33' title="bbox 396 3504 2527 3579; baseline 0 -15"><span class='ocrx_word' id='word_1_321' title='bbox 396 3564 401 3569; x_wconf 73' lang='grc'><strong><em>,</em></strong></span> <span class='ocrx_word' id='word_1_322' title='bbox 452 3504 606 3564; x_wconf 67' lang='grc' dir='ltr'>ΞΙΦΩ</span> <span class='ocrx_word' id='word_1_323' title='bbox 641 3511 697 3562; x_wconf 81' lang='lat' dir='ltr'><strong><em>et</em></strong></span> <span class='ocrx_word' id='word_1_324' title='bbox 712 3526 758 3562; x_wconf 83' lang='lat' dir='ltr'><strong><em>v.</em></strong></span> <span class='ocrx_word' id='word_1_325' title='bbox 827 3509 934 3562; x_wconf 80' lang='lat' dir='ltr'>isto</span> <span class='ocrx_word' id='word_1_326' title='bbox 968 3506 1094 3578; x_wconf 81' lang='grc' dir='ltr'><strong><em>γάρ,</em></strong></span> <span class='ocrx_word' id='word_1_327' title='bbox 1135 3509 1276 3579; x_wconf 88' lang='lat' dir='ltr'>quod</span> <span class='ocrx_word' id='word_1_328' title='bbox 1309 3509 1436 3563; x_wconf 88' lang='lat' dir='ltr'>libri</span> <span class='ocrx_word' id='word_1_329' title='bbox 1467 3509 1669 3563; x_wconf 79' lang='lat' dir='ltr'>habent</span> <span class='ocrx_word' id='word_1_330' title='bbox 1702 3525 1900 3574; x_wconf 71' lang='lat' dir='ltr'><strong><em>omma,</em></strong></span> <span class='ocrx_word' id='word_1_331' title='bbox 1933 3510 2074 3564; x_wconf 86' lang='lat' dir='ltr'>nihil</span> <span class='ocrx_word' id='word_1_332' title='bbox 2107 3512 2193 3564; x_wconf 82' lang='lat' dir='ltr'><strong><em>est</em></strong></span> <span class='ocrx_word' id='word_1_333' title='bbox 2225 3510 2527 3566; x_wconf 77' lang='lat' dir='ltr'>absurdius,</span> 
     </span>
     <span class='ocr_line' id='line_1_34' title="bbox 450 3592 2531 3664; baseline 0.002 -18"><span class='ocrx_word' id='word_1_334' title='bbox 450 3592 516 3648; x_wconf 89' lang='lat' dir='ltr'><strong><em>de</em></strong></span> <span class='ocrx_word' id='word_1_335' title='bbox 546 3609 674 3648; x_wconf 82' lang='lat' dir='ltr'>voee</span> <span class='ocrx_word' id='word_1_336' title='bbox 706 3592 811 3664; x_wconf 75' lang='grc' dir='ltr'><strong><em>γάρ</em></strong></span> <span class='ocrx_word' id='word_1_337' title='bbox 848 3610 969 3649; x_wconf 84' lang='lat' dir='ltr'><strong><em>eum</em></strong></span> <span class='ocrx_word' id='word_1_338' title='bbox 1002 3596 1148 3651; x_wconf 79' lang='lat' dir='ltr'>varia</span> <span class='ocrx_word' id='word_1_339' title='bbox 1180 3596 1417 3650; x_wconf 77' lang='lat' dir='ltr'>lectione</span> <span class='ocrx_word' id='word_1_340' title='bbox 1451 3596 1628 3650; x_wconf 75' lang='lat' dir='ltr'>textui</span> <span class='ocrx_word' id='word_1_341' title='bbox 1660 3596 1798 3650; x_wconf 77' lang='lat' dir='ltr'>male</span> <span class='ocrx_word' id='word_1_342' title='bbox 1831 3597 2049 3650; x_wconf 82' lang='lat' dir='ltr'>insertis</span> <span class='ocrx_word' id='word_1_343' title='bbox 2085 3595 2205 3651; x_wconf 83' lang='lat' dir='ltr'>vide</span> <span class='ocrx_word' id='word_1_344' title='bbox 2247 3596 2531 3651; x_wconf 82' lang='lat' dir='ltr'>Sehovium</span> 
     </span>
     <span class='ocr_line' id='line_1_35' title="bbox 449 3679 2524 3753; baseline 0 -19"><span class='ocrx_word' id='word_1_345' title='bbox 449 3679 620 3734; x_wconf 73' lang='lat' dir='ltr'>Praef.</span> <span class='ocrx_word' id='word_1_346' title='bbox 664 3680 733 3734; x_wconf 84' lang='lat' dir='ltr'><strong><em>ad</em></strong></span> <span class='ocrx_word' id='word_1_347' title='bbox 775 3681 1007 3749; x_wconf 76' lang='lat' dir='ltr'>Hesyeh.</span> <span class='ocrx_word' id='word_1_348' title='bbox 1056 3698 1108 3751; x_wconf 88' lang='lat' dir='ltr'><strong><em>p.</em></strong></span> <span class='ocrx_word' id='word_1_349' title='bbox 1145 3681 1301 3745; x_wconf 81' lang='lat' dir='ltr'><strong><em>vm.</em></strong></span> <span class='ocrx_word' id='word_1_350' title='bbox 1374 3683 1433 3736; x_wconf 89' lang='lat' dir='ltr'><strong><em>in</em></strong></span> <span class='ocrx_word' id='word_1_351' title='bbox 1477 3681 1677 3736; x_wconf 79' lang='lat' dir='ltr'>talibus</span> <span class='ocrx_word' id='word_1_352' title='bbox 1725 3681 1832 3751; x_wconf 85' lang='grc' dir='ltr'><strong><em>γάρ</em></strong></span> <span class='ocrx_word' id='word_1_353' title='bbox 1881 3685 2187 3752; x_wconf 77' lang='lat' dir='ltr'>corruptum</span> <span class='ocrx_word' id='word_1_354' title='bbox 2234 3685 2318 3737; x_wconf 78' lang='lat' dir='ltr'><strong><em>est</em></strong></span> <span class='ocrx_word' id='word_1_355' title='bbox 2365 3700 2393 3737; x_wconf 93' lang='lat' dir='ltr'>e</span> <span class='ocrx_word' id='word_1_356' title='bbox 2437 3702 2524 3753; x_wconf 86' lang='grc' dir='ltr'><strong><em>γρ.</em></strong></span> 
     </span>
     <span class='ocr_line' id='line_1_36' title="bbox 450 3764 2530 3839; baseline 0.002 -21"><span class='ocrx_word' id='word_1_357' title='bbox 450 3764 790 3836; x_wconf 73' lang='grc' dir='ltr'><strong><em>(γράφεται),</em></strong></span> <span class='ocrx_word' id='word_1_358' title='bbox 844 3766 908 3822; x_wconf 88' lang='lat' dir='ltr'><strong><em>de</em></strong></span> <span class='ocrx_word' id='word_1_359' title='bbox 944 3784 1048 3838; x_wconf 90' lang='lat' dir='ltr'><strong><em>quo</em></strong></span> <span class='ocrx_word' id='word_1_360' title='bbox 1095 3767 1215 3823; x_wconf 83' lang='lat' dir='ltr'>vide</span> <span class='ocrx_word' id='word_1_361' title='bbox 1247 3768 1492 3822; x_wconf 82' lang='lat' dir='ltr'>Bastium</span> <span class='ocrx_word' id='word_1_362' title='bbox 1534 3767 1604 3822; x_wconf 83' lang='lat' dir='ltr'><strong><em>ad</em></strong></span> <span class='ocrx_word' id='word_1_363' title='bbox 1639 3768 1857 3838; x_wconf 80' lang='lat' dir='ltr'>Gregor.</span> <span class='ocrx_word' id='word_1_364' title='bbox 1894 3770 2012 3824; x_wconf 85' lang='lat' dir='ltr'><strong><em>Cor.</em></strong></span> <span class='ocrx_word' id='word_1_365' title='bbox 2049 3786 2102 3839; x_wconf 93' lang='lat' dir='ltr'><strong><em>p.</em></strong></span> <span class='ocrx_word' id='word_1_366' title='bbox 2139 3772 2258 3825; x_wconf 82' lang='lat'><strong>803.</strong></span> <span class='ocrx_word' id='word_1_367' title='bbox 2327 3769 2407 3823; x_wconf 81' lang='lat' dir='ltr'><strong><em>ita</em></strong></span> <span class='ocrx_word' id='word_1_368' title='bbox 2438 3769 2530 3824; x_wconf 82' lang='lat' dir='ltr'><strong><em>hie</em></strong></span> 
     </span>
     <span class='ocr_line' id='line_1_37' title="bbox 449 3851 2527 3926; baseline 0.001 -20"><span class='ocrx_word' id='word_1_369' title='bbox 449 3853 710 3923; x_wconf 74' lang='lat' dir='ltr'><strong><em>scriptum</em></strong></span> <span class='ocrx_word' id='word_1_370' title='bbox 742 3856 890 3909; x_wconf 75' lang='lat' dir='ltr'>erat:</span> <span class='ocrx_word' id='word_1_371' title='bbox 931 3873 1018 3924; x_wconf 90' lang='grc' dir='ltr'><strong><em>γρ.</em></strong></span> <span class='ocrx_word' id='word_1_372' title='bbox 1057 3852 1134 3922; x_wconf 85' lang='grc' dir='ltr'><strong><em>μὴ</em></strong></span> <span class='ocrx_word' id='word_1_373' title='bbox 1172 3851 1384 3922; x_wconf 77' lang='grc' dir='ltr'><strong><em>πολλήν</em></strong></span> <span class='ocrx_word' id='word_1_374' title='bbox 1416 3875 1561 3917; x_wconf 89' lang='grc' dir='ltr'><strong><em>τινα,</em></strong></span> <span class='ocrx_word' id='word_1_375' title='bbox 1612 3855 1697 3909; x_wconf 84' lang='lat' dir='ltr'><strong><em>vel</em></strong></span> <span class='ocrx_word' id='word_1_376' title='bbox 1729 3874 1814 3926; x_wconf 91' lang='grc' dir='ltr'><strong><em>γρ.</em></strong></span> <span class='ocrx_word' id='word_1_377' title='bbox 1855 3852 2230 3908; x_wconf 76' lang='grc' dir='ltr'><strong><em>ἐκκολάπτειν.</em></strong></span> <span class='ocrx_word' id='word_1_378' title='bbox 2378 3854 2527 3909; x_wconf 75' lang='grc' dir='ltr'><strong><em>εὖτέ-</em></strong></span> 
     </span>
    </p>
   </div>
   <div class='ocr_carea' id='block_1_5' title="bbox 388 3962 2525 4083">
    <p class='ocr_par' dir='ltr' id='par_1_7' title="bbox 388 3962 2525 4083">
     <span class='ocr_line' id='line_1_38' title="bbox 388 3962 2525 4083; baseline 0.004 -23"><span class='ocrx_word' id='word_1_379' title='bbox 388 4028 393 4033; x_wconf 79' lang='grc'><strong><em>’</em></strong></span> <span class='ocrx_word' id='word_1_380' title='bbox 450 4005 604 4062; x_wconf 77' lang='grc' dir='ltr'><strong><em>λειαν</em></strong></span> <span class='ocrx_word' id='word_1_381' title='bbox 635 4010 748 4075; x_wconf 89' lang='lat' dir='ltr'><strong><em>BV,</em></strong></span> <span class='ocrx_word' id='word_1_382' title='bbox 785 4007 1070 4079; x_wconf 78' lang='grc' dir='ltr'><strong><em>ἀγέννειαν</em></strong></span> <span class='ocrx_word' id='word_1_383' title='bbox 1104 4008 1277 4077; x_wconf 60' lang='lat' dir='ltr'><strong><em>mm,</em></strong></span> <span class='ocrx_word' id='word_1_384' title='bbox 1325 3962 1580 4082; x_wconf 57' lang='grc' dir='ltr'><strong><em>ἆγένζιαν</em></strong></span> <span class='ocrx_word' id='word_1_385' title='bbox 1631 4014 1699 4074; x_wconf 86' lang='grc' dir='ltr'><strong><em>Φ,</em></strong></span> <span class='ocrx_word' id='word_1_386' title='bbox 1759 4009 2049 4083; x_wconf 75' lang='grc' dir='ltr'><strong><em>ἇγέννοιαν</em></strong></span> <span class='ocrx_word' id='word_1_387' title='bbox 2094 4028 2141 4078; x_wconf 81' lang='lat' dir='ltr'><strong><em>a,</em></strong></span> <span class='ocrx_word' id='word_1_388' title='bbox 2188 4009 2442 4080; x_wconf 79' lang='grc' dir='ltr'><strong><em>ἀγένειαν</em></strong></span> <span class='ocrx_word' id='word_1_389' title='bbox 2474 4031 2525 4068; x_wconf 81' lang='lat' dir='ltr'><strong><em>v.</em></strong></span> 
     </span>
    </p>
   </div>
   <div class='ocr_carea' id='block_1_6' title="bbox 448 4092 2527 4341">
    <p class='ocr_par' dir='ltr' id='par_1_8' title="bbox 448 4092 2527 4341">
     <span class='ocr_line' id='line_1_39' title="bbox 449 4092 2526 4169; baseline 0.003 -22"><span class='ocrx_word' id='word_1_390' title='bbox 449 4114 534 4166; x_wconf 91' lang='grc' dir='ltr'><strong><em>γρ.</em></strong></span> <span class='ocrx_word' id='word_1_391' title='bbox 577 4092 830 4165; x_wconf 80' lang='grc' dir='ltr'><strong><em>ἀγέλειαν</em></strong></span> <span class='ocrx_word' id='word_1_392' title='bbox 872 4100 1094 4152; x_wconf 71' lang='lat' dir='ltr'>notatur</span> <span class='ocrx_word' id='word_1_393' title='bbox 1139 4115 1200 4153; x_wconf 83' lang='lat' dir='ltr'><strong><em>ex</em></strong></span> <span class='ocrx_word' id='word_1_394' title='bbox 1238 4099 1296 4164; x_wconf 87' lang='lat' dir='ltr'><strong><em>T,</em></strong></span> <span class='ocrx_word' id='word_1_395' title='bbox 1345 4095 1600 4169; x_wconf 82' lang='grc' dir='ltr'><strong><em>ἀγέλειαν</em></strong></span> <span class='ocrx_word' id='word_1_396' title='bbox 1632 4099 1730 4165; x_wconf 66' lang='grc' dir='ltr'><strong><em>τῆς</em></strong></span> <span class='ocrx_word' id='word_1_397' title='bbox 1762 4098 1872 4168; x_wconf 87' lang='grc' dir='ltr'><strong><em>γν.]</em></strong></span> <span class='ocrx_word' id='word_1_398' title='bbox 1908 4096 2185 4153; x_wconf 82' lang='grc' dir='ltr'><strong><em>ἐντέλειαν</em></strong></span> <span class='ocrx_word' id='word_1_399' title='bbox 2220 4116 2284 4154; x_wconf 80' lang='lat'><strong><em>01</em></strong></span> <span class='ocrx_word' id='word_1_400' title='bbox 2316 4099 2381 4166; x_wconf 89' lang='lat' dir='ltr'><strong><em>U,</em></strong></span> <span class='ocrx_word' id='word_1_401' title='bbox 2434 4100 2526 4154; x_wconf 79' lang='lat' dir='ltr'><strong><em>de-</em></strong></span> 
     </span>
     <span class='ocr_line' id='line_1_40' title="bbox 450 4180 2527 4261; baseline 0.003 -25"><span class='ocrx_word' id='word_1_402' title='bbox 450 4183 608 4252; x_wconf 82' lang='lat' dir='ltr'>nique</span> <span class='ocrx_word' id='word_1_403' title='bbox 657 4180 824 4235; x_wconf 75' lang='grc' dir='ltr'><strong><em>αῧτοῦ</em></strong></span> <span class='ocrx_word' id='word_1_404' title='bbox 865 4181 1143 4237; x_wconf 75' lang='grc' dir='ltr'><strong><em>εὐτέλειαν</em></strong></span> <span class='ocrx_word' id='word_1_405' title='bbox 1178 4183 1395 4253; x_wconf 77' lang='lat' dir='ltr'>(omisso</span> <span class='ocrx_word' id='word_1_406' title='bbox 1441 4185 1543 4261; x_wconf 28' lang='lat' dir='ltr'>illo,</span> <span class='ocrx_word' id='word_1_407' title='bbox 1572 4184 1967 4256; x_wconf 71' lang='grc' dir='ltr'><strong><em>μικροψυχίαν)</em></strong></span> <span class='ocrx_word' id='word_1_408' title='bbox 2014 4192 2108 4238; x_wconf 75' lang='grc' dir='ltr'><strong><em>καὶ</em></strong></span> <span class='ocrx_word' id='word_1_409' title='bbox 2146 4184 2399 4256; x_wconf 78' lang='grc' dir='ltr'><strong><em>ἀγένειαν</em></strong></span> <span class='ocrx_word' id='word_1_410' title='bbox 2428 4186 2527 4253; x_wconf 71' lang='grc' dir='ltr'><strong><em>τῆς</em></strong></span> 
     </span>
     <span class='ocr_line' id='line_1_41' title="bbox 448 4267 2523 4341; baseline 0.003 -22"><span class='ocrx_word' id='word_1_411' title='bbox 448 4267 665 4337; x_wconf 67' lang='grc' dir='ltr'><strong><em>γνώμης</em></strong></span> <span class='ocrx_word' id='word_1_412' title='bbox 698 4269 780 4323; x_wconf 80' lang='lat' dir='ltr'><strong><em>cd.</em></strong></span> <span class='ocrx_word' id='word_1_413' title='bbox 849 4287 1035 4340; x_wconf 77' lang='lat' dir='ltr'><strong><em>nempe</em></strong></span> <span class='ocrx_word' id='word_1_414' title='bbox 1072 4268 1324 4341; x_wconf 77' lang='grc' dir='ltr'><strong><em>ἄγέννεια</em></strong></span> <span class='ocrx_word' id='word_1_415' title='bbox 1361 4274 1446 4326; x_wconf 72' lang='lat' dir='ltr'><strong><em>est</em></strong></span> <span class='ocrx_word' id='word_1_416' title='bbox 1477 4272 1757 4341; x_wconf 78' lang='lat' dir='ltr'>glossema.</span> <span class='ocrx_word' id='word_1_417' title='bbox 1828 4289 1983 4330; x_wconf 76' lang='lat' dir='ltr'>voces</span> <span class='ocrx_word' id='word_1_418' title='bbox 2020 4270 2240 4341; x_wconf 66' lang='grc' dir='ltr'><strong><em>εὐτελής</em></strong></span> <span class='ocrx_word' id='word_1_419' title='bbox 2285 4276 2341 4328; x_wconf 74' lang='lat' dir='ltr'><strong><em>et</em></strong></span> <span class='ocrx_word' id='word_1_420' title='bbox 2375 4270 2523 4327; x_wconf 78' lang='grc' dir='ltr'><strong><em>εὖτέ-</em></strong></span> 
     </span>
    </p>
   </div>
   <div class='ocr_carea' id='block_1_7' title="bbox 450 4351 2526 4520">
    <p class='ocr_par' dir='ltr' id='par_1_9' title="bbox 450 4351 2526 4520">
     <span class='ocr_line' id='line_1_42' title="bbox 450 4351 2526 4418; baseline 0.004 -12"><span class='ocrx_word' id='word_1_421' title='bbox 450 4351 574 4407; x_wconf 80' lang='grc' dir='ltr'><strong><em>λεια</em></strong></span> <span class='ocrx_word' id='word_1_422' title='bbox 606 4355 730 4411; x_wconf 86' lang='lat' dir='ltr'>inde</span> <span class='ocrx_word' id='word_1_423' title='bbox 763 4356 830 4410; x_wconf 82' lang='lat' dir='ltr'><strong><em>ab</em></strong></span> <span class='ocrx_word' id='word_1_424' title='bbox 865 4355 1159 4412; x_wconf 72' lang='lat' dir='ltr'>Aristotele</span> <span class='ocrx_word' id='word_1_425' title='bbox 1193 4358 1354 4412; x_wconf 78' lang='lat' dir='ltr'>etiam</span> <span class='ocrx_word' id='word_1_426' title='bbox 1395 4357 1463 4413; x_wconf 74' lang='lat' dir='ltr'><strong><em>ad</em></strong></span> <span class='ocrx_word' id='word_1_427' title='bbox 1497 4359 1661 4414; x_wconf 77' lang='lat' dir='ltr'>animi</span> <span class='ocrx_word' id='word_1_428' title='bbox 1694 4361 2052 4418; x_wconf 73' lang='lat' dir='ltr'>humilitatem</span> <span class='ocrx_word' id='word_1_429' title='bbox 2084 4360 2372 4416; x_wconf 77' lang='lat' dir='ltr'>translatas</span> <span class='ocrx_word' id='word_1_430' title='bbox 2409 4376 2526 4415; x_wconf 77' lang='lat' dir='ltr'>esee</span> 
     </span>
     <span class='ocr_line' id='line_1_43' title="bbox 502 4443 2110 4520; baseline 0.006 -37"><span class='ocrx_word' id='word_1_431' title='bbox 502 4443 684 4488; x_wconf 67' lang='lat' dir='ltr'><strong><em>molan.</em></strong></span> <span class='ocrx_word' id='word_1_432' title='bbox 711 4445 792 4493; x_wconf 87' lang='lat'><strong>111,</strong></span> <span class='ocrx_word' id='word_1_433' title='bbox 819 4446 860 4489; x_wconf 86' lang='lat'><strong><em>1.</em></strong></span> <span class='ocrx_word' id='word_1_434' title='bbox 2076 4467 2110 4520; x_wconf 84' lang='lat'>9</span> 
     </span>
    </p>
   </div>
  </div>
 </body>
</html>
