3099 5241
532 407 660 464 LIV
1345 410 1443 466 DE
1495 411 1799 468 LUOIANI

534 605 619 651 ne
686 588 857 672 magi
924 589 1185 673 quidem
1250 608 1597 674 puerorum
1664 591 1832 654 extis
1899 590 2173 674 amplius
2227 591 2324 654 uti
2378 594 2442 654 et
2497 589 2619 654 sibi

536 697 827 756 constare
886 698 1254 777 potuerunt,
1322 694 1432 758 sed
1494 714 1531 756 a
1589 697 1807 778 pueris
1865 695 2274 759 immolandis
2319 696 2397 759 ad
2443 714 2622 759 sac-ra

535 795 818 877 Necyiae
862 797 1240 863 Homericae
1279 798 1486 862 redire
1531 800 1733 861 coacti
1778 804 1952 881 sunt,
2017 800 2085 863 id
2147 799 2321 883 quod
2377 801 2446 863 in
2492 798 2620 863 Lu·

538 901 709 964 ciani
738 900 1207 983 Necyomantia
1249 903 1491 966 sactum
1530 902 1846 967 videmus.
1941 902 2148 980 Quam
2196 910 2363 968 arcte
2409 910 2621 969 autem

537 1005 645 1069 illo
676 1009 957 1090 tempore
989 1026 1137 1070 cum
1167 1026 1502 1090 magorum
1534 1007 1779 1071 artibus
1816 1010 2250 1072 necromantia
2281 1010 2623 1092 conjuncta

538 1110 764 1192 fuerit,
830 1112 1125 1195 inprimis
1191 1112 1647 1195 imperatorum
1714 1114 2009 1197 exempla
2075 1114 2453 1195 ostendunt,
2527 1114 2624 1177 uti

540 1213 834 1297 Neronis,
905 1216 1019 1300 qui
1086 1215 1458 1278 umbrarum
1528 1215 2012 1300 inferorumque
2073 1217 2407 1302 colloquiis
2466 1218 2623 1282 mire

543 1319 796 1383 deditus
863 1326 996 1383 erat
1055 1323 1214 1384 teste
1272 1324 1520 1404 praeter
1576 1319 1733 1384 alios
1794 1319 2005 1384 Plinio
2068 1320 2145 1384 N.
2193 1321 2276 1385 H.
2325 1321 2538 1405 XXX,
2583 1324 2624 1387 2

544 1424 581 1506 ἓ
618 1423 715 1505 14,
760 1431 836 1488 ut
877 1430 1096 1508 postea
1128 1423 1504 1506 Caracallae,
1555 1426 1665 1508 qui
1713 1426 1879 1489 circa
1925 1445 2171 1489 annum
2209 1427 2336 1492 216
2373 1447 2435 1511 p.
2464 1426 2530 1491 O.
2555 1447 2620 1490 n.

540 1528 770 1591 insano
831 1530 1093 1611 necyiae
1153 1529 1365 1593 studio
1421 1535 1688 1594 mortem
1749 1528 1873 1593 sibi
1931 1530 2332 1614 adceleravit,
2399 1537 2474 1596 ut
2531 1538 2627 1596 est

543 1633 715 1717 apud
757 1632 1201 1697 Herodianum
1245 1633 1412 1698 Hist.
1456 1634 1564 1716 lV,
1603 1635 1683 1698 12
1728 1640 1791 1698 et
1833 1633 2246 1719 Xiphilinum
2290 1656 2374 1700 ex
2416 1636 2626 1701 Dione

545 1735 610 1800 C.
642 1738 677 1801 7
687 1737 745 1818 7,
773 1738 872 1803 15.
966 1736 1087 1802 Sed
1127 1739 1262 1821 jam
1311 1738 1555 1802 ultimis
1600 1740 1754 1823 reip.
1803 1739 2196 1823 temporibus
2242 1741 2459 1824 plures
2504 1741 2626 1803 viri

543 1842 829 1924 magicae
898 1841 1095 1906 dediti
1163 1849 1617 1925 memorantur,
1687 1845 1799 1927 qui
1864 1845 1934 1906 in
2001 1846 2488 1928 psychomantia
2544 1864 2628 1908 ne

543 1965 890 2031 puerorum
931 1946 1191 2029 quidem
1225 1950 1528 2032 sanguini
1559 1949 1971 2033 pepercerint,
2019 1955 2090 2013 ut
2118 1950 2174 2013 is
2209 1968 2401 2033 quem
2433 1968 2629 2033 supra

547 2051 684 2114 dixi
707 2050 1027 2134 VatiniuS,
1072 2056 1147 2115 ut
1182 2051 1253 2115 P.
1279 2050 1605 2136 Nigidius,
1649 2073 1798 2137 prae
1844 2055 2107 2118 caeteris
2139 2059 2352 2117 autem
2375 2053 2629 2137 Appius

545 2158 623 2236 is,
672 2156 748 2220 de
798 2175 924 2239 quo
970 2156 1118 2220 vide
1164 2155 1536 2222 Ciceronem
1581 2160 1648 2221 in
1699 2157 1982 2234 Quaestt.
2028 2157 2213 2222 Tusc.
2253 2157 2309 2240 Ι,
2348 2157 2425 2222 16
2475 2157 2626 2238 §37

547 2264 609 2325 et
653 2258 750 2324 De
795 2258 1076 2324 Divinat.
1109 2261 1164 2344 I,
1209 2262 1293 2327 58
1343 2264 1380 2344 ἓ
1437 2263 1577 2344 132,
1622 2263 1691 2324 in
1740 2282 1867 2346 quo
1899 2262 2112 2347 Appio
2156 2280 2392 2347 magna
2438 2280 2631 2345 quae-

549 2365 695 2428 dam
752 2365 878 2428 fuit
934 2367 1136 2450 pietas
1196 2373 1259 2430 et
1301 2367 1502 2449 major
1546 2368 1738 2430 etiam
1781 2368 2110 2452 Appietas.
2201 2366 2408 2430 Venio
2454 2385 2632 2430 nunc

549 2469 627 2533 ad
689 2489 817 2552 eOS,
889 2472 1003 2554 qui
1049 2472 1561 2538 ,necromantiam
1622 2472 2180 2556 reprehenderunt,
2245 2472 2312 2535 id
2377 2471 2549 2555 quod
2596 2491 2632 2534 a

548 2574 839 2660 patribus
887 2576 1247 2641 christianis
1290 2575 1801 2642 luculentissime
1844 2577 2349 2662 gravissimeque
2392 2577 2632 2641 factum

549 2679 866 2761 videmus,
917 2685 992 2744 ut
1036 2681 1114 2745 ab
1160 2680 1490 2746 Lactantio
1537 2682 1744 2747 Instit.
1781 2681 1998 2746 Divin.
2033 2681 2119 2763 ΙΙ,
2157 2683 2233 2747 16
2279 2683 2451 2747 init.:
2505 2702 2632 2764 ,ne-

550 2786 900 2849 cromantia
945 2791 1008 2849 et
1052 2805 1153 2850 ars
1199 2789 1445 2871 magica
1491 2794 1553 2851 et
1601 2788 1923 2872 quidquid
1968 2793 2289 2872 praeterea
2320 2786 2631 2850 malorum

551 2894 855 2956 exercent
916 2890 1207 2956 homines
1274 2893 1374 2956 vel
1441 2893 1653 2977 palam
1718 2893 1823 2957 vel
1890 2893 2170 2956 occulte‘.
2287 2890 2469 2968 Quod
2554 2890 2635 2954 ad

550 2994 821 3077 gentiles
866 2995 1128 3077 adtinet,
1176 2995 1241 3059 G.
1277 2996 1531 3062 Plinius
1560 2998 1645 3062 H.
1679 2999 1757 3062 N.
1791 2997 2007 3079 XXX,
2043 2999 2075 3061 1
2124 2998 2262 3060 init.
2297 3016 2632 3082 magorum

553 3105 718 3164 artes
779 3099 859 3162 ad
918 3119 1117 3164 unam
1165 3122 1388 3167 omnes
1433 3109 1802 3167 exsecratus
1848 3109 1961 3168 est.
2051 3102 2157 3166 Ab
2205 3102 2637 3165 necromantia

551 3224 701 3268 vero
769 3206 1052 3268 maxima
1109 3226 1255 3291 pars
1313 3208 1651 3271 hominum
1710 3216 1867 3272 tunc
1924 3209 2015 3271 ita
2055 3206 2246 3290 longe
2292 3206 2636 3287 abhorruit,

555 3316 627 3373 ut
673 3309 773 3374 vel
818 3310 879 3373 ei
926 3311 1038 3393 qui
1084 3310 1210 3374 alia
1257 3312 1591 3393 divinandi
1638 3333 1873 3396 genera
1917 3312 2311 3397 probassent,
2365 3315 2637 3396 psycho-

555 3416 840 3477 mantian
899 3417 1277 3479 nominatim
1335 3419 1722 3502 exciperent.
1814 3417 1912 3481 Ita
1969 3417 2140 3501 apud
2184 3417 2474 3481 Marcum
2517 3416 2638 3480 fra-

554 3526 713 3585 trem
762 3519 881 3600 (De
925 3518 1207 3584 Divinat.
1245 3520 1412 3603 1,58
1463 3524 1500 3604 ἓ
1555 3524 1697 3604 132)
1746 3521 2028 3598 Quintus
2074 3521 2314 3603 CicerO,
2360 3521 2638 3605 cupidus

554 3626 660 3689 ille
721 3626 1134 3689 divinationis
1189 3637 1496 3711 patronus
1555 3637 1769 3692 tamen
1816 3647 1948 3691 non
1995 3647 2062 3691 se
2104 3628 2631 3711 psychomantian

557 3750 898 3815 agnoscere
964 3732 1176 3815 palam
1244 3738 1509 3797 testatus
1578 3741 1688 3797 est.
1791 3735 1889 3796 Ac
1956 3732 2032 3796 de
2097 3720 2372 3796 Luciani
2439 3738 2639 3796 aetate

556 3836 727 3899 idem
760 3837 969 3901 valere
1001 3837 1102 3901 vel
1131 3836 1275 3901 ideo
1308 3838 1607 3902 credibile
1638 3847 1754 3920 est,
1794 3838 1964 3922 quod
1991 3837 2242 3903 Marcus
2265 3840 2640 3902 Antoninus

557 3962 892 4028 magorum
937 3951 1100 4006 artes
1146 3949 1207 4007 et
1250 3944 1725 4007 incantamenta
1754 3943 1941 4007 valde
1985 3944 2220 4024 oderat,
2269 3964 2462 4028 quam
2507 3963 2640 4007 rem

557 4051 695 4133 ipse
726 4046 1039 4131 Diogneto
1083 4048 1272 4112 refert
1315 4056 1636 4132 acceptam
1681 4046 1805 4130 (De
1834 4045 2053 4112 Rebus
2085 4047 2234 4113 Suis
2268 4049 2320 4132 l,
2352 4049 2392 4114 6
2438 4048 2637 4133 init.):

558 4154 954 4239 imperatoris
1014 4159 1227 4218 autem
1276 4154 1378 4217 sui
1421 4161 1554 4216 tam
1600 4151 1750 4216 boni
1795 4155 2164 4237 praesertim
2209 4154 2424 4217 studia
2467 4155 2641 4217 cives

560 4259 758 4341 vulgo
805 4265 1186 4341 sequuntur.
1278 4256 1439 4333 Quis
1483 4258 1705 4322 eadem
1753 4258 1882 4323 fere
1927 4263 2128 4322 aetate
2172 4260 2378 4341 magis
2422 4277 2642 4342 super-

563 4364 850 4427 stitiosus
928 4363 1055 4426 fuit
1120 4361 1570 4426 Artemidoro?
1668 4362 1799 4427 Hic
1867 4372 2082 4428 tamen
2149 4363 2642 4444 necyomantian
