3099 5241
1292 465 1796 523 PEDESTRIBUS.
2433 469 2584 524 CXV

491 639 745 703 Platoni
790 640 1007 722 fuisse,
1051 641 1275 705 eximii
1318 641 1413 705 illi
1457 642 1744 707 Platonis
1787 643 2073 725 rhythmi
2116 644 2477 729 loquuntur
2521 651 2585 710 et

493 744 787 808 clamant.
901 744 1096 809 Nunc
1163 746 1245 809 ad
1309 746 1761 812 Hermannum
1825 752 2123 812 revertor.
2233 749 2353 813 Est
2409 751 2584 834 apud

494 849 809 914 Galerium
854 850 924 912 in
968 849 1225 933 praefat.
1273 851 1469 915 lexici
1511 851 1822 936 Hippocr.
1869 873 1932 936 p.
1966 852 2099 917 404
2143 872 2282 937 sqq.
2332 855 2430 919 ed.
2479 855 2580 918 Fr.
2678 934 2684 939 ς

491 954 671 1017 locus
695 952 1176 1019 Daetalensium
1198 956 1672 1040 Aristophanis,
1715 956 1833 1021 ubi
1863 976 2066 1021 senex
2094 962 2272 1041 pater
2308 958 2584 1023 alterum

490 1057 700 1121 filium
767 1078 937 1121 nova
994 1059 1310 1123 vocabula
1376 1065 1795 1144 usurpantem
1863 1062 2121 1126 deridet.
2227 1060 2355 1137 Qui
2408 1068 2582 1146 post-

494 1182 690 1245 quam
754 1157 1329 1246 rssnotezgeae'posscac
1395 1169 1459 1228 et
1523 1162 1975 1250 καλοκάγαθία
2053 1168 2349 1249 novavit,
2440 1173 2582 1231 tum

492 1285 723 1331 senex:
794 1263 1003 1348 οἶμαι,
1077 1260 1122 1329 ὦ
1194 1264 1618 1353 Θρασύμαχε,
1674 1268 1684 1353 Ι
1733 1268 1829 1339 τίς
1885 1263 2137 1332 «τούτων
2196 1275 2324 1334 τῶν
2386 1273 2582 1352 ξυνη-

488 1364 703 1452 γόρων
777 1366 1115 1454 ἰηρεύεται
1133 1398 1158 1451 3
1249 1372 1374 1437 Pro
1457 1369 1644 1455 οἶμαι
1720 1377 1890 1438 recte
1969 1373 2312 1439 Cornarius
2396 1376 2578 1457 oijeeoc

493 1470 705 1556 (objec'),
758 1477 1046 1561 itemque
1088 1483 1284 1540 τοῦτο
1331 1475 1704 1541 Brunckius
1747 1498 1862 1562 pro
1906 1472 2180 1542 τοὺιων.
2274 1478 2572 1563 Denique

490 1574 829 1660 τηρεύεται
895 1582 1038 1646 edd.
1110 1583 1424 1666 quaedam
1492 1581 1751 1664 Galeni,
1833 1577 2156 1663 τερεὺειαι
2237 1583 2335 1647 ed.
2403 1583 2576 1665 Ald.,

489 1678 782 1762 τερύειαι
835 1683 1225 1751 Basileensis
1282 1691 1346 1752 et
1404 1707 1464 1771 p.
1509 1687 1642 1753 406
1697 1686 2074 1769 Franziana,
2133 1707 2262 1770 quo
2324 1693 2580 1752 auctore

492 1787 723 1871 ,vulgo‘
785 1794 917 1854 erat
977 1786 1291 1873 σερύειαι.
1409 1790 1685 1873 Dobre0,
1751 1790 2012 1856 Lehrsio
2071 1788 2178 1874 (de
2231 1791 2578 1856 Aristar-ch.

491 1912 553 1974 p.
598 1892 744 1975 43),
812 1893 1044 1958 Cobeto
1106 1896 1207 1978 (de
1267 1901 1399 1960 arte
1456 1897 1719 1979 interpr.
1764 1917 1828 1980 p.
1882 1896 2033 1981 153)
2091 1900 2156 1960 et
2205 1895 2578 1960 Hermanno

490 2017 550 2078 p.
598 1998 641 2061 5
684 1995 1090 2080 swani-eme
1135 2002 1205 2064 in
1251 2005 1532 2066 mentem
1576 2001 1777 2083 venit,
1837 2020 1966 2085 quo
2009 2001 2242 2083 rejecto
2296 2019 2414 2084 ego
2467 1998 2573 2082 (de

490 2098 733 2165 Daetal.
781 2123 843 2187 p.
889 2104 997 2186 54)
1055 2106 1128 2186 ,si
1182 2102 1475 2188 τερύεται
1528 2106 1762 2169 idonea
1806 2105 2180 2169 auctoritate
2226 2104 2580 2168 stabilitum

487 2205 591 2286 sit,
630 2206 794 2269 nihil
827 2209 1046 2273 verius
1083 2210 1371 2292 judicavi
1393 2209 1710 2274 Brunckii
1747 2210 2192 2274 emendatione
2221 2204 2581 2294 ytypt'vsvoet‘,

489 2329 654 2391 quae
702 2312 836 2393 jam
880 2312 1207 2397 Elmslejo,
1273 2313 1553 2378 Seidlero
1597 2313 2060 2398 Dindorfioque
2110 2313 2383 2398 *probata
2426 2316 2575 2376 erat.

486 2413 584 2476 Ita
650 2415 1059 2481 scribendum
1128 2425 1252 2483 est:
1326 2415 1494 2499 οἴμ’,
1563 2410 1611 2481 ὦ
1679 2412 2102 2504 &paciflua-Ae,
2158 2417 2167 2501 Ι
2216 2415 2313 2490 τίς
2375 2422 2571 2481 τοῦτο

399 2570 406 2577 .
486 2521 615 2580 τῶν
695 2517 1061 2605 ξιϊηγὸρων
1137 2523 1484 2608 γηρύειαις
1593 2523 1723 2586 Hic
1812 2523 2013 2606 igitur
2104 2543 2309 2606 quum
2399 2543 2574 2587 unus

487 2622 881 2689 Suevernius
962 2626 1147 2710 (iiber
1215 2630 1345 2711 ,An
1404 2629 1697 2693 Wolken‘
1768 2649 1832 2711 p.
1879 2627 1990 2712 28)
2069 2626 2567 2693 Calchedonium

487 2729 834 2811 sophistam
880 2736 1042 2796 tecto
1088 2733 1519 2817 adsignificari
1563 2733 1904 2796 voluisset:
1950 2731 2367 2797 Hermannus
2413 2754 2472 2817 p.
2520 2735 2564 2798 5

486 2834 805 2898 comicum
864 2832 1004 2918 οἴμ’
1057 2832 1140 2908 ὡς
1206 2839 1443 2922 tragice
1507 2839 1960 2922 interpretatus
2028 2838 2239 2901 solum
2306 2837 2412 2902 hic
2473 2859 2572 2902 so-

485 2937 762 3020 phistam
817 2940 944 3004 dici
1004 2943 1333 3007 contendit
1387 2962 1670 3026 eumque
1713 2940 2076 3025 compellari
2124 2943 2419 3025 quamvis
2465 2942 2574 3006 ab-

486 3047 750 3107 sentem.
810 3046 901 3109 At
937 3046 1255 3110 infelicem
1285 3048 1364 3111 de
1395 3047 1680 3130 sophista
1714 3047 2082 3129 opinionem
2115 3064 2232 3129 ego
2264 3046 2307 3109 l.
2332 3046 2376 3109 l.
2401 3067 2462 3130 p.
2488 3048 2575 3112 53

487 3147 642 3210 satis
673 3147 1054 3215 refutaram:
1103 3155 1275 3214 certa
1311 3152 1484 3215 enim
1519 3150 2084 3215 interlocutoribus
2120 3152 2385 3215 nomina
2430 3151 2575 3214 data

485 3269 647 3333 esse,
682 3271 803 3316 nec
838 3255 893 3318 si
925 3254 1099 3318 filius
1131 3250 1575 3339 Θρασύμαχος
1609 3260 1892 3339 vocetur,
1934 3261 2191 3341 propter
2227 3256 2573 3339 sophistam

486 3355 597 3419 sed
627 3355 943 3440 obipsius
971 3359 1306 3443 ingenium
1333 3360 1753 3425 adolescentis
1779 3361 1900 3424 hoc
1923 3360 2079 3445 fieri,
2110 3362 2218 3425 cui
2244 3360 2362 3425 soli
2392 3366 2577 3444 poeta

488 3459 555 3522 id
599 3463 878 3527 nominis
935 3465 1328 3548 imposuerit.
1431 3464 1517 3529 Et
1562 3466 1819 3546 (mirum
1865 3467 2063 3550 dictu)
2106 3466 2278 3530 idem
2334 3465 2575 3530 ibidem

376 3651 381 3656 1
486 3563 877 3632 Suevernius
921 3569 1076 3634 haec
1105 3570 1301 3634 verba
1329 3574 1497 3634 recte
1543 3570 1895 3653 explicarat
1936 3576 2114 3636 ratus
2157 3570 2366 3634 filium
2411 3569 2575 3635 male

485 3675 819 3754 moratum,
868 3674 1038 3756 quod
1076 3673 1353 3739 ferocius
1385 3676 1551 3759 patri
1583 3676 1770 3758 quasi
1812 3677 1882 3739 in
1914 3695 2137 3759 pugna
2180 3674 2572 3756 insultasset,

486 3778 795 3859 tanquam
860 3778 1187 3843 hominem
1253 3779 1335 3843 ad
1393 3781 1528 3843 vim
1587 3784 1884 3863 paratum
1949 3782 2073 3845 isto
2130 3781 2392 3844 nomine
2464 3780 2573 3843 ad-

484 3880 725 3963 pellari.
817 3881 1113 3948 Conferre
1158 3883 1323 3949 alius
1368 3884 1486 3948 filii
1530 3903 1769 3948 nomen
1813 3884 1963 3948 licet
2009 3884 2183 3968 quod
2226 3884 2298 3946 in
2339 3883 2574 3967 Vespis

486 3990 608 4048 est:
656 3983 1095 4052 Βδελυκλέων.
1204 3988 1335 4053 Hic
1377 3994 1594 4054 tamen
1641 4008 1864 4053 omnes
1909 3988 2128 4073 aliquo
2175 3989 2361 4052 modo
2408 4008 2573 4052 erra-

485 4091 722 4175 vimu8,
781 4091 1177 4159 Suevernius
1232 4114 1438 4160 unum
1498 4094 1716 4159 locum
1776 4113 1910 4157 non
1968 4113 2101 4158 uno
2157 4093 2270 4159 sed
2329 4093 2575 4177 duplici

484 4196 673 4260 modo
740 4198 1025 4282 accipere
1093 4219 1325 4282 ausuS,
1395 4218 1512 4283 ego
1580 4200 1623 4262 l.
1681 4199 1723 4263 1.
1787 4219 1848 4283 p.
1905 4196 1993 4263 54
2059 4199 2333 4263 alterum
2399 4199 2573 4262 senis

481 4298 725 4384 filium,
794 4303 909 4386 qni
977 4307 1109 4368 erat
1172 4302 1415 4386 probus
1479 4305 1571 4367 ita
1652 4304 1779 4367 dici
1846 4303 2184 4386 opinatus,
2251 4301 2569 4387 Bergkius

482 4402 835 4491 (Aristoph.
867 4406 1091 4493 fragm.
1124 4427 1188 4491 p.
1227 4408 1418 4485 1036)
1451 4404 1933 4494 καλοκάγαθεῑν
1963 4408 2351 4492 conjectans,
2398 4407 2573 4491 quod

2148 4527 2283 4573 vm·
