3099 5241
934 438 1032 500 DE
1083 443 1320 502 LIBRIS
1371 441 2064 500 PSEUDOLUCIANEIS.
2395 441 2549 499 LXV

461 620 733 704 videtur,
806 625 881 686 ut
948 621 1016 685 O.
1085 620 1128 686 J
1130 620 1477 686 acobitium
1555 621 1875 686 refutaret.
2013 618 2292 685 Omnino
2376 621 2549 684 enim

464 723 716 789 Bekker
759 725 840 789 ab
884 726 1165 792 Jacobiti
1210 728 1490 792 editione
1534 747 1589 790 a.
1627 726 1818 808 1836,
1866 745 2061 809 quam
2106 724 2352 808 ubique
2398 744 2549 789 con-

464 829 743 894 suluisse
799 831 1071 914 videtur,
1139 824 1510 916 saepissime
1566 831 1979 914 maximeque
2032 830 2313 911 recessit,
2374 828 2549 913 quod

462 935 553 998 ita
594 941 763 1000 recte
798 936 1170 1019 judicasset,
1215 936 1609 1001 Jacobitium
1640 937 1852 999 virum
1884 935 2126 1018 alioqui
2157 934 2235 998 de
2265 932 2549 997 Luciano

463 1038 740 1122 perbene
783 1042 1084 1105 meritum
1128 1047 1343 1106 tamen
1391 1061 1521 1105 non
1570 1059 1718 1104 eum
1764 1059 1926 1122 esse,
1975 1040 2089 1123 qui
2132 1039 2308 1103 hunc
2353 1040 2551 1122 scrip-

465 1148 665 1207 torem
707 1145 904 1228 probe
963 1147 1122 1210 sciat
1178 1166 1527 1212 recensere.
1632 1145 1783 1230 Ipse
1837 1143 2091 1210 Bekker
2146 1143 2288 1208 leve
2350 1143 2551 1228 quod-

466 1246 611 1311 dam
659 1244 985 1334 πάρεργον
1031 1251 1354 1335 pollicitus
1400 1251 1633 1315 diserte
1687 1250 1912 1332 edixit,
1967 1269 2099 1313 non
2159 1250 2550 1314 recensitum

466 1350 546 1415 ab
623 1371 692 1416 se
769 1353 874 1418 edi
951 1353 1311 1420 Lucianum
1391 1355 1501 1420 sed
1579 1354 2020 1419 tantummodo
2091 1354 2547 1436 ,recognitum‘.

469 1454 663 1519 Omni
719 1464 933 1523 autem
993 1460 1114 1523 hac
1180 1480 1371 1545 opera
1428 1480 1624 1545 quam
1684 1460 1965 1544 primum
2018 1457 2282 1541 defungi
2346 1458 2553 1521 voluit

469 1563 798 1646 sensitque
843 1563 923 1627 ab
969 1563 1110 1628 aliis
1153 1564 1436 1628 consiliis
1467 1565 1548 1628 ad
1593 1549 1803 1628 tantas
1844 1582 1947 1627 res
1991 1582 2130 1627 sese
2174 1561 2553 1626 transiliisse

468 1666 770 1731 omnibus
799 1668 930 1732 fere
959 1669 1155 1734 rebus
1185 1667 1613 1754 (praefiscine)
1644 1669 2045 1752 imparatum.
2138 1665 2305 1730 Nam
2339 1683 2552 1749 neque

469 1770 719 1835 codices
797 1773 925 1837 nisi
1002 1774 1269 1839 aliorum
1360 1792 1478 1858 ope
1568 1782 1963 1857 comparatos
2053 1771 2294 1837 adferre
2382 1771 2552 1834 ullos

467 1882 730 1958 poterat,
774 1896 987 1962 neque
1016 1876 1378 1942 Lucianum
1422 1879 1639 1962 ipsum
1671 1884 1857 1940 antea
1900 1881 2295 1958 tractaverat,
2341 1894 2553 1959 neque

469 1982 735 2044 omnino
802 1981 1231 2064 ,festivissime
1313 1983 1620 2066 scriptori‘
1689 1982 1975 2047 tristities
2053 1979 2325 2046 Bekkeri
2403 1998 2555 2042 con-

471 2085 771 2150 veniebat
813 2088 1182 2171 praesertim
1219 2087 1354 2170 jam
1386 2088 1590 2152 senis:
1639 2106 1846 2150 annos
1882 2086 2056 2150 enim
2100 2093 2241 2150 tum
2284 2082 2557 2147 habebat

470 2196 610 2252 octo
657 2195 720 2255 et
757 2192 1110 2275 sexaginta.
1198 2190 1375 2255 Hinc
1416 2197 1748 2275 tantopere
1792 2192 2137 2271 festinavit,
2182 2197 2256 2253 ut
2301 2189 2554 2253 nullum

471 2293 621 2374 (nisi
685 2293 844 2359 forte
912 2295 1011 2359 bis
1068 2297 1263 2377 terve)
1333 2296 1637 2361 editorem
1705 2316 1779 2360 ac
1846 2315 1928 2361 ne
1991 2293 2554 2358 Hemsterhusium

472 2398 738 2481 quidem
794 2400 1016 2482 adiret,
1075 2401 1317 2465 nullam
1377 2401 1658 2484 denique
1713 2401 2057 2465 editionem
2102 2403 2351 2482 praeter
2394 2398 2556 2461 duas

470 2503 830 2587 inspiceret,
874 2504 1151 2569 Jacobiti
1196 2525 1334 2570 eam
1384 2526 1578 2589 quam
1625 2525 1819 2590 supra
1865 2505 2152 2569 diximus
2183 2508 2246 2567 et
2276 2502 2557 2567 Schmie-

473 2607 624 2673 deri.
727 2608 985 2674 Etenim
1051 2611 1397 2696 typothetis
1466 2610 1948 2675 describendam
2016 2608 2360 2673 tradiderat
2424 2606 2557 2671 edi-

471 2713 711 2778 tionem
756 2714 1031 2780 habilem
1079 2715 1423 2779 admodum
1484 2721 1547 2779 et
1604 2734 1800 2799 parvo
1860 2714 2203 2799 parabilem
2253 2712 2557 2795 ,Schmie-

474 2817 839 2900 derianam‘,
887 2840 1076 2903 quam
1124 2822 1261 2904 ipse
1306 2821 1410 2884 hic
1454 2820 1584 2884 illic
1627 2821 1923 2899 correxit,
1970 2819 2081 2884 sed
2127 2819 2323 2882 nimis
2370 2836 2558 2900 saepe

471 2923 738 2986 retinuit
779 2924 1112 3009 integram.
1201 2924 1366 2989 Nolo
1411 2925 1517 2990 hic
1562 2935 1861 3009 repetere,
1925 2943 2090 3008 quae
2136 2923 2288 2986 olim
2333 2921 2558 3004 scripsi

471 3027 540 3090 in
587 3027 790 3112 Epist.
840 3027 986 3093 Crit.
1036 3030 1119 3094 ad
1164 3030 1372 3095 Fried.
1420 3051 1482 3114 p.
1530 3028 1754 3093 XXlII
1801 3049 1920 3113 sq.,
1977 3028 2092 3092 ubi
2150 3028 2230 3091 de
2273 3026 2557 3091 Schmie-

476 3132 610 3196 deri
669 3133 950 3199 editione
1008 3135 1331 3216 judicium
1389 3132 1511 3199 tuli
1569 3134 2049 3218 aequissimum.
2161 3132 2281 3197 Sed
2355 3152 2553 3216 quum

475 3235 842 3303 Schmieder
885 3241 1079 3305 nimis
1125 3260 1163 3303 a
1206 3238 1434 3305 Belino
1480 3239 1759 3324 pendere
1803 3238 2030 3302 solitus
2075 3244 2261 3320 esset,
2308 3236 2559 3317 accidit,

475 3348 549 3406 ut
602 3344 794 3407 etiam
839 3343 1090 3409 Bekker
1143 3345 1392 3408 inscius
1451 3344 1627 3408 haud
1685 3343 1881 3407 dubie
1936 3347 1999 3406 et
2055 3343 2303 3406 invitus
2348 3340 2559 3405 Belini

474 3449 746 3532 vestigia
807 3469 996 3534 saepe
1049 3449 1250 3534 legat:
1315 3451 1496 3533 atqui
1539 3448 1812 3514 Belinus
1865 3449 2055 3512 homo
2109 3447 2234 3512 fuit
2291 3446 2560 3513 extremi

474 3553 742 3637 ingenii.
814 3554 1046 3619 Contra
1090 3574 1164 3619 ea
1193 3555 1365 3619 idem
1397 3553 1787 3634 Schmieder,
1831 3558 1907 3617 ut
1950 3572 2066 3636 ego
2096 3552 2138 3615 l.
2169 3552 2213 3618 l.
2246 3573 2306 3637 p.
2340 3551 2560 3616 XXIV

475 3664 647 3723 recte
700 3660 1012 3743 judicavi,
1068 3661 1316 3745 primus
1369 3662 1700 3744 ingentem
1755 3659 1886 3721 vim
1942 3656 2225 3722 locorum
2284 3677 2319 3722 e
2374 3656 2557 3721 codd.

476 3762 788 3828 Parisinis
846 3765 1165 3849 praeclare
1233 3763 1615 3829 emendavit.
1726 3761 1908 3827 Haec
1969 3762 2169 3846 igitur
2230 3761 2376 3825 laus
2442 3762 2561 3825 uni

478 3866 883 3933 Schmiedero
912 3868 1237 3933 reddenda
1268 3873 1384 3951 est,
1429 3888 1563 3932 non
1606 3866 2044 3932 transferenda
2073 3868 2143 3929 in
2175 3864 2562 3948 Bekkerum‚

481 3974 593 4056 qui
674 3974 836 4037 nihil
913 3974 1089 4038 aliud
1173 3993 1366 4058 quam
1450 3993 1488 4037 a
1569 3971 1973 4037 Schmiedero
2054 3970 2220 4034 bene
2296 3970 2562 4032 inventa

475 4078 744 4160 repetiit.
810 4076 1104 4143 Ceterum
1135 4077 1408 4144 Bekkeri
1440 4078 1760 4142 festinatio
1792 4075 2273 4141 Schmiederum
2306 4075 2562 4158 saepius

478 4185 609 4245 tam
676 4200 863 4245 caeco
929 4183 1173 4267 impetu
1235 4188 1453 4248 secuta
1520 4186 1638 4264 est,
1702 4186 1777 4245 ut
1838 4181 2070 4265 partim
2125 4198 2277 4244 vera
2332 4179 2564 4263 partim

478 4284 635 4350 falsa
680 4287 903 4351 eodem
932 4287 1004 4350 in
1046 4288 1184 4351 loco
1217 4287 1296 4351 ab
1328 4286 1734 4352 Schmiedero
1768 4304 2019 4350 sumere
2049 4303 2180 4348 non
2226 4284 2565 4365 dubitaret,

481 4391 668 4472 qu'us
711 4392 965 4477 generis
1009 4390 1134 4455 loci
1177 4392 1500 4477 graviores
1541 4391 1712 4456 infra
1754 4390 2167 4476 proferentur.
2240 4389 2391 4454 Alia
2426 4407 2565 4454 esse

2153 4513 2194 4556 v
