3099 5241
591 399 741 472 208
771 396 800 424 ⁶
1398 429 1857 482 AomANor

587 606 897 688 κρατοῦσι
937 597 1231 668 πάντων·
1303 603 1368 667 οἱ
1413 599 1483 666 δὲ
1525 598 1928 686 ὑποπρίουσι
1969 597 2126 673 τούς
2170 597 2450 674 ὀδόντας
2493 598 2668 667 ἀπο-

450 713 555 771 352
592 705 963 795 σμωγέντες.
1077 707 1138 773 4.
1210 705 1246 746 *
1326 703 1604 772 ΤΕΡΨ.
1676 703 1897 788 ἀληθῆ
1965 709 2174 769 ταῦτα
2240 701 2390 790 φής.
2499 708 2667 788 ἐμοῦ

450 817 555 873 353
586 815 747 898 γοῦν
813 812 855 852 ⁴*
929 804 1287 894 Θούκριτος
1351 805 1532 875 πόσα
1598 808 1980 895 κατέφαγεν,
2060 807 2159 873 ἀεὶ
2223 805 2666 891 τεθνήξεσθαι

449 921 557 978 354
589 916 631 956 ⁴*
691 912 899 980 δοκῶν
952 912 1059 978 καὶ
1119 909 1322 979 ὁπότε
1376 910 1638 996 ἐσίοιμι,
1709 909 2087 978 ὑποστένων
2148 911 2255 977 καὶ
2307 908 2546 1000 μύχιόν
2603 936 2665 978 τι

556 1010 894 1102 ’καθάπερ
960 1020 1024 1092 ἐξ
1087 1014 1220 1104 (ῥοῦ
1277 1014 1540 1090 νεοττὸς
1596 1013 1824 1101 ἀτελῆ-ς
1880 1014 1973 1082 ἔτι
2027 1013 2440 1101 ὑποκρώζων,
2513 1015 2663 1081 ὥστ’

584 1230 767 1298 γέντες
812 1229 1022 1283 ΒΨΦΩ
1068 1227 1124 1282 01
1168 1245 1216 1282 v.
1288 1242 1474 1281 sensus
1521 1228 1666 1281 certo
1713 1225 1804 1280 hic
1839 1228 1949 1279 est:
2002 1227 2236 1293 ,argento
2284 1225 2517 1279 emuncti
2552 1223 2664 1293 (de-

588 1314 782 1385 cepti)‘.
854 1316 1036 1384 itaque
1065 1310 1568 1383 καταγελασθέντες
1601 1313 1866 1382 glossema
1900 1314 1985 1366 est
2017 1311 2228 1377 malum,
2265 1327 2490 1381 quocum
2524 1327 2662 1364 com-

585 1417 715 1471 para
747 1401 1019 1455 Pollucem
1051 1401 1126 1466 ΙΙ,
1164 1403 1230 1457 78
1286 1396 1625 1467 ἀπομύττειν
1671 1400 1806 1453 bene
1855 1398 2203 1468 explicantem
2245 1398 2419 1453 verbis
2469 1396 2532 1450 τὸ
2573 1394 2663 1449 ἐπὶ

586 1481 777 1556 κέρδει
813 1484 1113 1549 ἐξαπατᾶν.
1186 1504 1357 1556 neque
1390 1486 1706 1541 Buttmanni
1745 1484 2005 1553 judicium
2051 1484 2110 1538 in
2147 1483 2236 1539 Gr.
2278 1484 2366 1540 Gr.
2405 1485 2436 1538 I
2469 1502 2504 1554 p
2559 1487 2663 1541 450

585 1574 745 1628 verbo
782 1573 1080 1628 damnantis
1114 1573 1399 1642 vulgatam,
1434 1590 1608 1643 neque
1642 1571 2017 1626 Hemsterhusi
2052 1570 2358 1640 conjectura
2377 1569 2663 1641 ἐπιμυγὲν-

585 1678 676 1716 τες
707 1660 791 1714 vel
824 1661 1160 1715 Lobeckiana
1203 1660 1272 1715 ad
1307 1659 1467 1730 Soph.
1504 1659 1589 1729 Aj.
1631 1676 1685 1729 p.
1721 1662 1825 1716 450
1862 1657 1941 1713 ed.
1981 1674 2085 1712 sec.
2147 1655 2548 1726 ύπσσμυγέντες
2580 1657 2664 1711 vel

586 1746 722 1801 aliae
754 1747 1005 1802 memoria
1036 1748 1230 1816 dignae
1275 1745 1523 1802 videntur
1567 1748 1776 1816 praeter
1820 1761 1981 1799 unam
2014 1745 2236 1798 Kusteri
2272 1741 2657 1814 ἀπομυγέντες.

588 1835 646 1887 at
679 1850 840 1903 quum
873 1835 1146 1904 antiquam
1177 1834 1460 1888 lectionem
1493 1849 1637 1888 nunc
1674 1849 1789 1887 esse
1825 1832 2052 1886 sciamus
2091 1829 2510 1900 ἀποσμυγέντες,
2551 1847 2662 1884 ma-

586 1921 682 1974 net
716 1936 778 1974 ea
809 1937 928 1975 vere
965 1920 1110 1975 dicta
1143 1938 1275 1983 esse,
1312 1936 1445 1990 quae
1481 1920 1608 1974 olim
1643 1918 1744 1988 (De
1778 1919 1907 1974 Luc.
1928 1919 2233 1988 Lexiphane
2258 1937 2310 1988 p.
2331 1917 2386 1985 3)
2422 1918 2509 1972 his
2545 1933 2661 1974 ver-

586 2007 673 2060 bis
709 2007 926 2076 scripsi:
977 2006 1406 2072 ,conservandum
1451 2023 1569 2061 esse
1616 2005 1758 2076 quod
1800 2006 1929 2059 libri
1971 2005 2309 2059 tradiderunt
2357 2005 2516 2075 idque
2554 2020 2663 2058 non

587 2093 653 2147 ab
690 2090 989 2161 ἀποσμὺχω
1026 2093 1326 2158 formatum,
1373 2092 1469 2148 sed
1512 2094 1578 2148 ab
1618 2091 1971 2161 ἀποσμύττω,
2023 2110 2156 2163 quae
2190 2091 2358 2147 forma
2390 2109 2423 2145 a
2455 2090 2663 2159 vulgari

588 2175 887 2247 ἀπομύττω
923 2197 1085 2235 0011011
1116 2197 1225 2234 11011
1258 2180 1537 2250 discrepat.
1604 2181 1714 2250 jam
1728 2180 1849 2235 vide
1882 2180 2019 2234 mihi
2034 2179 2295 2248 Hesychii
2310 2178 2516 2246 glossas
2533 2177 2659 2232 has:

585 2263 867 2335 Σμυκτήρ·
906 2263 935 2319 ὅ
954 2262 1186 2336 μυκτήρ.
1243 2264 1738 2334 1111111Σμύσσεται·
1778 2265 2177 2333 ἀπομύσσεται.
2234 2265 2487 2333 denique:
2510 2261 2659 2316 Ἐπι-

588 2351 846 2420 σμυκτὸν·
897 2350 1390 2423 ἐπιμυκτηρισμόν,
1441 2353 1536 2407 ubi
1580 2357 1725 2408 recte
1775 2353 2050 2408 Albertius
2093 2349 2506 2421 Έπισμυγμόν’.
2583 2349 2662 2419 (111

585 2438 774 2493 ultimo
809 2438 924 2493 loco
958 2439 1117 2494 hodie
1151 2440 1318 2495 malo:
1355 2437 1738 2507 Ἐπισμυκτύν·
1785 2440 1926 2509 quod
1968 2441 2243 2495 literarum
2288 2439 2450 2493 series
2498 2453 2662 2506 aeque

586 2524 951 2594 commendat.)
1020 2526 1219 2581 ibidem
1253 2542 1350 2594 ego
1386 2529 1511 2596 post
1543 2527 1821 2592 Koenium‚
1859 2527 1952 2596 qui
1986 2527 2053 2580 ad
2090 2526 2307 2595 Gregor.
2346 2526 2464 2580 Cor.
2484 2541 2536 2594 p.
2557 2526 2660 2579 553

585 2629 698 2668 rem
730 2613 887 2668 verbo
922 2613 1123 2683 attigit,
1167 2630 1336 2682 genus
1385 2613 1691 2668 universum
1737 2614 2039 2684 complexus
2089 2632 2224 2679 sum,
2271 2611 2330 2667 id
2364 2610 2506 2682 quod
2537 2612 2663 2681 post

585 2715 669 2752 me
685 2697 833 2762 ‚fecit
877 2699 1038 2753 etiam
1072 2700 1370 2755 Lobeckius
1417 2701 1476 2754 in
1509 2700 1721 2755 Pathol.
1759 2701 1842 2755 El.
1879 2719 1931 2771 p.
1973 2704 2072 2758 120
2113 2718 2229 2771 sqq.
2301 2700 2403 2753 hoc
2438 2698 2662 2753 Luciani

585 2786 700 2840 loco
734 2787 1122 2856 praetermisso,
1157 2804 1259 2857 quo
1290 2805 1342 2857 p.
1367 2790 1467 2844 130
1503 2787 1762 2841 utendum
1796 2790 1922 2842 erat.
1994 2788 2099 2842 alia
2132 2804 2264 2857 quae
2299 2787 2364 2840 ab
2401 2802 2483 2840 me
2519 2785 2663 2838 dicta

586 2875 738 2926 erant
770 2873 988 2943 repetiit
1031 2876 1095 2928 ut
1128 2891 1181 2944 p.
1223 2876 1320 2930 121
1368 2873 1426 2928 id
1475 2873 1619 2943 quod
1651 2892 1703 2944 p.
1744 2878 1777 2929 2
1823 2874 1887 2928 de
1935 2875 2155 2944 Lexiph.
2207 2874 2238 2940 ξ
2275 2876 2309 2927 3
2348 2873 2662 2947 scripseram

586 2961 641 3013 et
672 2959 828 3029 plura
861 2976 893 3013 a
924 2976 1009 3014 me
1044 2961 1238 3014 omissa
1272 2959 1494 3015 addidit.
1568 2960 1758 3014 maluit
1777 2963 1955 3015 tamen
1982 2960 2126 3014 locos
2155 2975 2459 3014 coacervare
2489 2974 2660 3027 quam,
2720 2999 2727 3004 .

584 3046 728 3100 sicut
761 3063 859 3115 ego
892 3064 945 3117 p.
984 3049 1018 3101 3
1066 3063 1338 3116 coeperam
1371 3047 1604 3102 rationes
1642 3046 1922 3115 conligere.
1993 3063 2126 3115 quae
2161 3049 2277 3100 tum
2312 3045 2519 3115 scripsi,
2565 3043 2658 3098 ad-

583 3132 691 3187 huc
725 3136 880 3187 teneo
917 3132 1133 3187 dialecti
1154 3133 1460 3187 discrimina
1491 3134 1582 3187 hic
1618 3150 1724 3187 non
1758 3133 1983 3187 multum
2017 3133 2205 3188 valere.
2277 3135 2340 3187 ut
2372 3129 2572 3199 μικρός
2606 3133 2661 3184 01

586 3215 816 3287 σμικρός
848 3218 1001 3273 ambo
1037 3220 1166 3273 011111
1197 3219 1378 3286 attica,
1413 3220 1493 3274 ita
1524 3218 1746 3273 formam
1783 3219 2026 3289 σμυρίζω
2063 3221 2337 3289 poetarum
2371 3222 2434 3273 ut
2465 3217 2658 3272 Archi-

584 3303 731 3358 lochi
775 3321 856 3375 ap.
890 3304 1089 3359 Athen.
1126 3305 1230 3359 XV
1273 3323 1326 3374 Ρ.
1365 3307 1484 3372 688,
1521 3322 1549 3360 0
1587 3306 1719 3374 (sive
1765 3324 1816 3376 p.
1856 3309 1959 3361 542
1994 3305 2075 3360 ed.
2112 3304 2324 3374 Bergk.)
2362 3304 2658 3360 Meinekius

583 3406 644 3460 in
677 3406 887 3475 Fragm.
926 3405 1072 3462 Gom.
1108 3409 1174 3462 V.
1211 3407 1273 3463 Π
1306 3408 1368 3463 Ρ.
1401 3409 1463 3465 Π
1496 3427 1547 3480 Ρ.
1584 3412 1684 3466 831
1727 3412 1887 3465 etiam
1921 3409 2102 3463 atticis
2137 3409 2346 3463 tribuit.
2417 3409 2577 3461 immo
2604 3392 2655 3458 ἀ’

583 3492 643 3546 111
677 3493 838 3547 certis
872 3494 1084 3547 tantum
1117 3494 1307 3559 verbis,
1344 3511 1479 3564 quae
1513 3513 1611 3565 ego
1646 3495 1684 3551 l.
1703 3497 1739 3550 1.
1758 3514 1811 3566 p.
1833 3500 1867 3552 2
1899 3496 2095 3565 partim
2128 3496 2474 3563 conlegeram‚
2506 3509 2658 3563 prae·

582 3579 833 3634 mittitur.
899 3582 1087 3650 tump.
1107 3580 1321 3636 Battuli
1336 3582 1461 3636 Ver.
1480 3582 1624 3636 Hist.
1644 3582 1690 3647 Ι,
1726 3585 1796 3639 24
1833 3579 2248 3649 ἀπομύττονται
2283 3584 2339 3636 01
2356 3583 2422 3636 D.
2441 3581 2655 3635 Meretr.

583 3665 709 3731 VII,
728 3669 762 3721 3
799 3663 1191 3738 ἀπεμύκτισας,
1231 3683 1354 3723 cum
1372 3668 1568 3738 quibus
1594 3670 1782 3738 negavi
1796 3685 2036 3739 pugnare
2056 3666 2478 3738 ἀποσμυγέντες,
2518 3665 2658 3736 quod

581 3752 794 3808 dulcius
830 3753 1149 3824 suaviusque
1196 3754 1267 3809 ad
1310 3771 1464 3810 aures
1510 3755 1719 3809 accidat
1752 3772 1909 3825 quam
1948 3753 2335 3826 ἀπομυγέντες.
2411 3753 2660 3808 similiter

581 3840 967 3911 Aristophanes
1001 3842 1060 3895 in
1094 3842 1255 3897 Pluto
1291 3860 1338 3897 v.
1375 3844 1511 3899 1082
1548 3837 1988 3915 διεσπλεκωμένῃ
2029 3842 2261 3912 scripsit,
2296 3841 2392 3896 sed
2424 3840 2566 3895 idem
2597 3840 2658 3893 in

582 3927 809 3996 Lysisbr.
828 3947 876 3983 v.
901 3930 1002 3984 152
1034 3925 1292 3991 πλεκοῦν,
1330 3928 1427 3983 ubi
1442 3927 1688 3983 Dindorfi
1715 3929 2043 3998 conjectura:
2079 3926 2459 3997 κάπιθυμοῖεν
2494 3922 2654 3979 σπλε-

581 4013 718 4067 κοῦν
751 4031 879 4070 00110
913 4014 1174 4070 refellitur
1213 4016 1515 4085 asperrimo.

719 4104 771 4158 4.
809 4102 942 4172 γοῦν
978 4100 1028 4160 21
1075 4105 1131 4158 01
1174 4121 1222 4168 v,
1278 4098 1348 4155 3³
1381 4092 1479 4155 οὖν
1511 4103 1740 4168 ΒΟΦΜ,
1796 4097 1931 4155 δοῦν
1975 4103 2090 4154 ΨΩ.
2247 4097 2573 4170 Θούκριτος]
2623 4097 2652 4152 ὁ

580 4185 872 4258 Εὐκράτης
906 4187 972 4247 21.
1117 4184 1317 4256 δοκῶν]
1354 4184 1784 4258 προσδοκῶντος
1819 4186 1885 4246 21.
2026 4188 2178 4243 libri:
2213 4185 2529 4240 ὑποστένων
2561 4191 2656 4239 καὶ

579 4272 776 4344 μύχιόν
810 4294 867 4328 τι
898 4273 1160 4345 καθάπερ
1200 4303 1286 4326 -.
1360 4291 1457 4345 pro
1492 4275 1580 4329 his
1617 4275 1848 4344 corrigo:
1893 4272 2210 4328 ὑποστένων
2242 4271 2439 4341 μύχιόν
2470 4292 2528 4326 τι
2560 4278 2655 4325 καὶ

580 4359 845 4431 καθάπερ
884 4390 953 4400 -
989 4361 1171 4431 itaque
1218 4361 1419 4417 correxi
1462 4361 1530 4416 ad
1578 4361 1790 4418 Gallum
1830 4376 1879 4417 c.
1929 4365 1994 4419 10
2041 4360 2115 4432 (p.
2156 4358 2295 4428 120).
2461 4356 2657 4428 ἀτελὴς
