3099 5241
1199 389 1695 441 ΚΑΤΑΠΛΟΤΣ.
2367 387 2490 452 159

410 564 538 618 edit.
576 562 645 616 V„
681 563 724 616 I.
761 561 823 616 P.
860 561 919 615 II
962 578 1015 630 p.
1053 566 1120 618 75
1167 562 1389 615 tractare
1439 556 1608 629 coepi,
1660 561 1725 614 ut
1775 559 1835 612 in
1880 558 2133 613 instituto
2179 575 2394 628 pergam
2438 560 2496 612 et

408 651 586 720 priora
633 666 702 702 ex
750 652 897 717 parte
933 647 1139 717 possim
1176 648 1453 716 corrigere.
1525 647 1672 701 Haec
1707 648 1764 700 in
1801 646 1956 700 libris
1992 647 2070 700 ita
2105 646 2303 714 scripta
2338 647 2490 699 sunt:

407 735 729 806 προστάτην
780 736 1116 807 ἐπέγραφον.
1191 736 1291 789 ’τὸν
1337 739 1508 804 μέγαν
1556 736 1690 805 γοῦν
1738 733 1950 788 ἐκεῖνον
1986 734 2067 786 ἔτι
2107 737 2360 802 σέβουσιν
2399 732 2492 786 ἄν·

417 830 657 893 θρωπον
694 822 798 893 (Sic
834 841 865 877 a
898 824 954 877 et
987 841 1041 891 V,
1091 823 1186 876 sed
1226 822 1416 879 addito,
1445 821 1672 876 articulo
1713 827 1937 893 σέβουσι
1972 823 2071 874 τὸν
2110 820 2417 888 ἄνθρωπον
2452 819 2495 874 F

411 913 466 964 et
520 911 714 964 lemma
767 909 983 979 scholii)
1038 911 1137 963 τὸν
1193 909 1250 963 ἓν
1302 910 1368 982 τῇ
1419 907 1764 983 Παλαιστίνῃ
1819 907 2373 962 ἀνασκολοπισθέντα
2411 939 2494 960 -.
2577 936 2593 951 ·

410 996 576 1051 Recte
621 997 791 1065 igitur
835 996 871 1050 l.
908 997 943 1050 1.
980 1013 1075 1064 pro
1111 997 1236 1051 istis
1276 996 1612 1067 ἐπέγραφον.
1687 999 1788 1050 τὸν
1823 1014 1919 1066 ego
1956 1013 2084 1051 cum
2121 995 2316 1050 Cobeto
2369 994 2494 1048 ἐπε-

411 1084 696 1154 γράφοντο
736 1085 960 1138 correxi.
1031 1084 1167 1138 Tum
1201 1086 1264 1138 ut
1296 1101 1499 1138 nexum
1534 1085 1792 1139 orationis
1831 1084 1926 1153 qui
1961 1100 2103 1137 nunc
2135 1083 2288 1152 plane
2312 1082 2496 1137 nullus

412 1173 496 1224 est
544 1171 914 1240 restituerem,
968 1174 1091 1240 post
1141 1172 1243 1226 hoc
1298 1172 1480 1240 ipsum
1536 1172 1922 1242 ἐπεγράφοντο
1972 1188 2078 1225 11011
2122 1170 2304 1223 minus
2351 1170 2496 1223 recte

413 1259 565 1326 signa
617 1259 778 1326 posui
830 1259 1066 1312 lacunae.
1138 1259 1310 1312 Antea
1359 1258 1526 1313 Faber
1573 1276 1680 1313 uno
1727 1259 1980 1328 probante
2016 1256 2322 1311 Wielandio
2367 1256 2422 1309 11.
2458 1255 2494 1309 1.

413 1345 617 1414 aliquid
655 1345 798 1399 vidit
834 1346 1036 1414 deesse,
1074 1348 1257 1414 postea
1290 1347 1471 1398 autem
1488 1345 1822 1414 Bernaysius
1860 1345 2088 1416 (Lucian
2112 1362 2165 1398 u.
2186 1345 2236 1398 d.
2256 1343 2499 1413 Kyniker

413 1428 464 1502 p.
506 1433 625 1501 108)
673 1449 758 1486 me
796 1433 988 1486 ducem
1023 1434 1245 1486 secutus
1281 1434 1379 1485 est.
1453 1432 1648 1486 Contra
1680 1433 1816 1486 illud
1852 1433 2013 1487 hodie
2048 1431 2304 1500 improbo,
2355 1431 2497 1499 quod

414 1520 450 1574 1.
490 1520 525 1574 l.
566 1520 761 1575 Cobeto
812 1520 1119 1574 adsentiens
1165 1520 1405 1573 dixeram
1441 1525 1659 1573 ΜΕΤΑ
1703 1520 1764 1573 111
1809 1519 1983 1574 literis
2023 1525 2167 1573 ME!
2172 1523 2292 1571 'AN
2334 1517 2497 1571 latere

415 1608 605 1662 videri.
675 1607 849 1662 Immo
884 1607 1214 1676 Bernaysius
1248 1606 1284 1659 l.
1321 1605 1356 1661 1.
1387 1623 1439 1675 p.
1476 1611 1576 1665 109
1616 1607 1773 1674 paulo
1809 1607 2030 1676 propius
2065 1607 2130 1660 ab
2167 1623 2294 1661 vero
2329 1606 2500 1660 abfuit

413 1697 561 1748 ratus
610 1700 762 1748 MEI
765 1700 825 1748 'A
875 1695 967 1748 1110
1020 1694 1358 1762 delitescere,
1414 1695 1630 1748 tametsi
1682 1694 1819 1749 male
1873 1695 2117 1763 scrIpsit:
2172 1698 2311 1763 μέγα
2364 1694 2500 1765 γοῦν

415 1783 627 1836 ἐκεῖνον
665 1783 745 1836 ἔτι
784 1787 1009 1853 σέβουσι
1044 1783 1143 1835 τὸν
1180 1780 1489 1849 ἄνθρωπον
1532 1812 1617 1835 -.
1689 1782 1772 1836 Ne
1819 1781 2007 1851 multa,
2059 1781 2309 1851 equidem
2355 1797 2498 1835 nuno

414 1874 643 1940 μέγιστα
691 1869 899 1939 corrigo
946 1869 1228 1938 Sel'iboque
1272 1869 1375 1922 ita:
1428 1868 1756 1937 προστάτην
1803 1869 2188 1940 ἐπεγράφοντο
2196 1908 2494 1924 ......

414 1962 642 2028 μέγιστα
679 1959 812 2029 γοῦν
851 1957 1063 2010 ἐκεῖνον
1099 1958 1181 2010 ἔτι
1218 1961 1473 2027 σέβουσιν
1510 1955 1820 2025 ἄνθρωπον
1850 1958 1948 2011 τὸν
1979 1957 2036 2010 ἐν
2065 1959 2131 2030 τῇ
2153 1955 2495 2031 Παλαιστίνῃ

418 2043 970 2098 ἀνασκολοπισθέντα
1007 2074 1091 2096 --.
1161 2043 1349 2097 Malim
1394 2046 1573 2098 tamen
1620 2060 1727 2098 non
1774 2045 1956 2098 minus
2002 2045 2164 2098 attice
2212 2061 2336 2098 cum
2370 2044 2499 2098 arti-

417 2130 565 2185 culo:
602 2152 660 2184 π.
704 2131 1087 2200 ἐπεγράφοντο
1128 2170 1369 2184 .....
1410 2132 1491 2184 τὰ
1528 2135 1756 2200 μέγιστα
1792 2134 1926 2201 γοῦν
1963 2162 2029 2213 -Ῑ-
2066 2135 2121 2186 et
2155 2134 2341 2201 postea
2376 2149 2502 2186 cum

420 2216 552 2270 ὄντα
605 2217 919 2286 participio:
976 2222 1247 2288 σέβουσιν,
1309 2217 1442 2270 ὅντα
1497 2217 1824 2284 ἄνθρωπον,
1881 2219 1980 2271 τὸν
2025 2250 2110 2273 -.
2201 2220 2388 2273 Restat
2438 2224 2503 2275 ut

420 2320 735 2373 quaeramus
751 2346 764 2372 ,
820 2305 1076 2373 quidnam
1126 2304 1219 2358 1110
1271 2304 1462 2358 lacuna
1512 2305 1768 2358 haustum
1820 2305 2100 2359 interierit.
2189 2308 2268 2360 Ac
2322 2324 2504 2361 meum

419 2393 560 2445 certe
609 2391 1043 2459 supplementum
1088 2392 1124 2445 l.
1160 2392 1195 2446 1.
1235 2408 1286 2459 p.
1324 2397 1391 2448 75
1438 2392 1726 2445 admodum
1771 2391 1891 2445 10110
1938 2395 2037 2460 est,
2088 2395 2143 2446 et
2187 2393 2334 2447 aliud
2368 2393 2502 2447 Ber·

417 2478 573 2548 naysi
625 2478 661 2532 1.
700 2478 734 2531 1.
772 2495 823 2546 p.
865 2481 973 2536 108.
1011 2477 1182 2532 11111110
1229 2477 1405 2532 lenius
1453 2478 1617 2531 etiam
1663 2480 1822 2547 atque
1865 2479 2172 2533 humanius.
2243 2479 2328 2534 Ita
2375 2497 2502 2535 vero

417 2565 571 2619 locus
625 2565 802 2619 neutri
857 2582 1042 2619 eorum
1092 2565 1316 2619 relictus
1367 2567 1479 2635 est,
1537 2566 1658 2620 ideo
1713 2566 1856 2635 quod
1908 2558 2223 2622 incredibsse
2271 2568 2501 2637 videtur,

419 2652 684 2720 ejusmodi
721 2652 1154 2721 supplementum
1188 2654 1464 2708 monachis
1500 2654 1631 2708 adeo
1667 2652 2069 2721 displiciturum
2104 2655 2290 2722 fuisse,
2339 2658 2402 2708 ut
2446 2655 2504 2709 id

421 2739 792 2794 crudelissime
829 2743 1004 2794 totum
1033 2743 1348 2795 resecarent.
1420 2741 1562 2795 Ecce
1587 2741 1690 2795 tibi
1713 2757 1856 2793 nunc
1881 2740 2028 2793 aliud
2054 2741 2503 2811 supplementum,

424 2827 565 2895 quod
614 2829 669 2880 et
716 2844 842 2880 oum
889 2845 1035 2881 nexu
1083 2828 1337 2883 orationis
1373 2828 1568 2882 melius
1606 2829 1859 2882 convenit
1909 2830 1964 2881 et
2010 2845 2105 2897 per
2153 2845 2210 2882 se
2247 2828 2324 2881 ita
2357 2845 2503 2883 com-

423 2915 666 2981 paratum
701 2916 800 2983 est,
837 2916 901 2968 ut
934 2915 992 2968 id
1028 2915 1107 2983 pii
1143 2916 1390 2969 monachi
1428 2932 1525 2969 suo
1565 2915 1794 2984 quodam
1821 2915 1942 2983 jure
1980 2914 2245 2969 delevisse
2280 2915 2502 2992 videan-

421 3002 525 3053 tur.
578 3000 663 3054 Ita
696 3001 842 3054 enim
877 3002 1037 3056 hodie
1070 3002 1319 3071 suppleo:
1354 3005 1678 3071 προστάτην
1703 3002 2106 3072 ἐπεγράφοντο.
2174 3003 2328 3072 [[Καὶ
2367 3001 2500 3071 μάλ’

424 3083 677 3145 εἰκότως·
736 3086 797 3141 οἰ
824 3091 929 3158 γὰρ
979 3093 1311 3156 Χριστιανοὶ
1361 3089 1514 3147 ὄντες
1562 3089 1967 3157 εὐεξαπάτητοι
2002 3098 2132 3158 περὶ
2180 3092 2293 3143 τῶν
2328 3094 2506 3144 θείων

420 3180 535 3233 τοῖς
591 3174 762 3246 ἄλογα
819 3173 1090 3238 διεξιοῦσι
1144 3185 1235 3229 καὶ
1291 3175 1563 3230 ἀλλόκοτα
1617 3184 2076 3246 ἰερατευομένοις
2127 3178 2500 3241 πιστειῗσυσιν,

422 3261 560 3315 ὥστε
602 3262 801 3320 αὐτοὺς
838 3263 1071 3331 ἀτεχνῶς
1107 3263 1313 3321 ἀθέους
1346 3265 1679 3334 γενέσθαιΠ
1751 3266 1819 3317 τὰ
1855 3271 2084 3335 μέγιστα
2126 3268 2260 3336 γοὲν
2295 3264 2506 3319 ἐκεῖνον

423 3350 505 3403 ἔτι
544 3356 815 3421 σέβουσιν,
871 3339 1004 3405 ihm
1045 3350 1353 3419 ἄνθρωπον
1387 3373 1434 3403 τ.
1479 3352 1521 3404 ἒ.
1562 3373 1610 3404 τ.
1653 3356 1724 3405 ΙΙ.
1770 3354 1822 3406 ἆ.
1898 3354 2076 3407 Verba
2120 3354 2297 3407 tamen
2343 3354 2508 3422 hujus

422 3438 782 3506 supplementi
836 3439 991 3493 aliter
1048 3439 1142 3493 alii
1203 3439 1467 3494 scribant:
1529 3439 1658 3492 dum
1717 3439 1852 3493 illud
1912 3442 2123 3493 maneat
2174 3442 2229 3494 et
2288 3457 2507 3510 prorsus

424 3527 646 3593 constet,
683 3543 790 3580 non
814 3527 931 3581 sine
958 3544 1167 3581 summa
1190 3527 1474 3581 acerbitate
1503 3526 1789 3594 ἀθεότητα
1819 3526 2138 3580 Christianis
2173 3528 2265 3582 hic
2291 3529 2508 3583 crimini

425 3610 600 3663 datam
634 3613 819 3682 fuisse,
856 3615 920 3668 de
958 3631 1063 3683 qua
1095 3631 1153 3668 re
1190 3630 1352 3682 supra
1374 3613 1683 3682 expositum
1706 3613 1825 3681 est.]
1865 3643 1932 3651 —
1968 3612 2114 3667 Haec
2151 3615 2280 3668 dum
2313 3616 2507 3684 scribo,

424 3699 631 3765 praeter
664 3702 1118 3768 exspectationem
1151 3700 1325 3755 laetus
1360 3701 1427 3753 ad
1462 3717 1548 3754 me
1582 3700 1813 3758 nuntius
1849 3699 2056 3754 adlatus
2092 3702 2191 3769 est,
2236 3702 2507 3770 dialogum

424 3785 669 3838 nostrum
704 3787 1033 3845 Κατάπλους
1069 3788 1105 3857 ἢ
1138 3789 1405 3857 τύραννος
1452 3788 1615 3840 etiam
1663 3788 1721 3839 in
1757 3787 1870 3841 cod.
1909 3788 2138 3855 quodam
2175 3786 2505 3854 ,Mutinensi‘

426 3872 698 3925 servatum
745 3888 880 3926 esse.
962 3873 1124 3928 Hunc
1172 3876 1335 3929 etiam
1383 3875 1626 3930 codicem
1671 3873 1720 3926 J.
1771 3872 2258 3929 Sommerbrodtius
2305 3875 2393 3929 vir
2440 3876 2505 3929 de

424 3957 662 4014 Luciano
699 3960 899 4013 eximie
935 3962 1161 4014 meritus
1197 3962 1397 4030 optime
1433 3963 1495 4014 ut
1530 3960 1666 4015 solet
1708 3962 1763 4015 et
1809 3960 2224 4029 diligentissime
2260 3962 2504 4016 contulit.

428 4046 641 4115 Optime
688 4048 769 4116 ajo
818 4047 1109 4102 contulisse
1157 4050 1212 4101 et
1257 4065 1373 4102 10111
1418 4050 1600 4102 notam
1646 4048 1851 4117 loquor,
1905 4065 2038 4117 quae
2075 4049 2238 4102 etiam
2271 4047 2506 4103 Henrico

426 4150 532 4187 van
575 4132 901 4188 Herwerden
954 4135 1269 4189 innotescet.
1342 4135 1448 4201 Qui
1495 4152 1603 4189 non
1651 4135 1874 4189 debebat
1918 4136 1999 4189 tot
2042 4133 2301 4189 lectiones
2351 4135 2506 4204 quasi

426 4221 623 4275 temere
659 4221 928 4290 neglectas
955 4220 1405 4277 Sommerbrodtio
1440 4222 1774 4291 exprobrare,
1813 4238 1944 4290 quas
1969 4221 2061 4275 ille
2087 4238 2270 4277 omnes
2296 4238 2508 4276 summa

426 4308 530 4361 fide
583 4302 821 4364 enotatas
872 4310 1021 4378 prior
1072 4309 1322 4365 ediderat.
1390 4309 1525 4363 Tum
1577 4309 1779 4378 ubique
1826 4311 1886 4362 in
1933 4310 2212 4363 enotandis
2259 4310 2509 4364 codicum

428 4394 713 4463 scripturis
757 4397 1193 4466 perspicuitatem
1230 4397 1646 4452 Sommerbrodti
1690 4397 1863 4450 libens
1911 4398 2121 4465 agnovi.
2195 4396 2386 4451 Contra
2422 4397 2506 4451 in—
