3099 5241
550 419 659 474 XL
1366 418 1463 473 DE
1515 417 1822 472 LUCIANI

552 596 813 660 Etenim
858 596 979 660 hoc
1021 596 1183 676 viro,
1226 597 1297 658 in
1332 614 1528 677 quem
1557 592 1888 658 Lucianus
1920 614 2181 678 quoque
2208 598 2280 658 in
2302 595 2571 659 Demon.
2603 599 2627 660 1

553 700 737 781 ‚facta
791 698 872 763 ab
916 699 1217 764 Herculis
1276 701 1538 763 nomine
1595 718 1728 762 non
1784 697 2044 763 absona‘
2093 701 2388 781 contulit,
2453 701 2641 784 plane

553 824 718 889 opus
769 803 897 867 fuit
951 804 1033 867 ad
1096 803 1413 867 Isthmum
1471 804 1945 887 perforandum.
2037 804 2345 869 Similiter
2397 806 2523 867 viri
2578 811 2642 870 et

552 910 763 973 herois
817 910 1113 972 notiones
1156 907 1413 971 Plinius
1457 909 1800 991 conjunxit
1847 910 1917 971 in
1961 908 2042 971 N.
2089 908 2174 972 H.
2222 908 2512 992 XXXV,
2557 912 2641 975 10

553 1015 594 1095 ξ
640 1013 757 1078 74:
831 1014 1066 1096 ,pinxit
1108 1012 1520 1093 (Timanthes)
1567 1018 1632 1076 et
1673 1012 1868 1076 heroa
1908 1012 2370 1077 absolutissimi
2414 1016 2639 1098 operiS,

553 1123 751 1182 artem
807 1119 1014 1200 ipsam
1072 1116 1447 1201 complexus
1490 1119 1723 1181 viros
1778 1118 1894 1200 (ita
1935 1122 2104 1180 recte
2147 1118 2327 1180 codd
2374 1120 2628 1202 optimi3

554 1222 665 1285 alii
718 1222 970 1306 vires)
1025 1221 1338 1305 pingendi
1382 1222 1502 1283 —.‘
1594 1221 1699 1284 Ex
1745 1221 1984 1306 quibus
2028 1222 2331 1285 omnibus
2375 1222 2550 1285 hunc
2591 1223 2637 1285 l.

555 1327 848 1411 sequitur
889 1326 1258 1389 mutilatum
1301 1345 1456 1390 esse.
1547 1326 1903 1410 Scripserat
1931 1332 2148 1390 autem
2176 1325 2637 1391 Philostratus:

556 1427 979 1502 Ποσειδῶνος
1034 1427 1299 1492 δεῖσθαι
1351 1427 1397 1511 ἢ
1460 1426 1700 1513 ἀνδρὸς
1763 1431 1936 1515 [οἵου
1992 1436 2109 1493 τοῦ
2159 1428 2642 1516 ‘Hymnidem-‘J‘

541 1533 674 1599 ’Ὁν
718 1571 822 1596 -.
910 1533 997 1597 Et
1059 1532 1225 1597 lenis
1292 1537 1595 1600 correctio
1663 1542 1760 1600 est
1816 1540 1880 1599 et
1937 1536 2177 1600 locutio
2236 1538 2448 1618 attica,
2517 1555 2646 1620 qua

559 1660 764 1724 quum
846 1639 957 1702 alii
1036 1643 1178 1701 tum
1255 1638 1622 1724 Xenophon
1699 1642 1771 1704 in
1837 1639 2227 1704 Memorabil.
2296 1641 2380 1723 11,
2445 1643 2505 1723 9,
2569 1645 2641 1707 3:

554 1740 983 1829 χαριζόμενον
1030 1746 1143 1825 οἴῳ
1191 1744 1295 1806 σοὶ
1342 1741 1534 1825 ἀνδρί
1577 1750 1640 1809 et
1669 1744 1997 1808 Lucianus
2039 1746 2110 1807 in
2132 1744 2504 1809 Alexandro
2528 1749 2642 1812 20:

555 1844 633 1911 τὸ
680 1842 1049 1933 μηχάνημα
1093 1854 1289 1912 τοῦτο
1340 1845 1531 1931 ἀνδρὶ
1575 1852 1705 1930 μὲν
1750 1853 1863 1933 οἵῳ
1910 1849 2036 1924 σοὶ,
2108 1850 2167 1911 εἰ
2225 1848 2292 1911 δὲ
2337 1845 2436 1931 μή
2484 1873 2647 1931 qop-

556 1947 735 2014 ·ιικόν
804 1954 1034 2027 εἰπεῖν,
1110 1952 1217 2015 καὶ
1288 1957 1402 2036 οἴῳ
1472 1951 1625 2034 ἐμοὶ
1692 1948 2029 2035 πρόδηλον
2093 1955 2201 2017 usi
2260 1960 2432 2018 sunt.
2523 1955 2647 2019 Sed

559 2056 906 2140 aliquando
982 2057 1199 2122 finem.
1311 2057 1479 2121 Nam
1559 2059 1940 2122 universum
2019 2059 2198 2121 hunc
2269 2058 2486 2123 locum
2558 2060 2649 2122 ita

560 2160 972 2226 scribendum
1015 2181 1156 2226 esse
1201 2162 1554 2227 contendo:
1627 2160 1802 2224 δοκεῖ
1840 2157 1967 2247 γάρ
2010 2185 2134 2241 μοι
2178 2159 2252 2225 τὸ
2300 2163 2487 2245 ῥῆξαι
2530 2158 2649 2225 τὸν

552 2261 840 2347 Ἰσθμὸν
908 2263 1329 2338 Ποσειδῶνος
1419 2264 1684 2329 δεῖσθαι
1768 2263 1813 2347 ἢ
1905 2261 2146 2347 ἀνδρὸς
2236 2270 2418 2329 οἴου
2502 2257 2646 2328 τοῦ

547 2365 662 2432 ‘H
675 2371 1127 2451 pauziovgf
1209 2368 1345 2434 “Ον
1412 2367 1472 2432 δ’
1536 2367 1810 2434 ἐκάλουν
1877 2372 1940 2433 οἱ
1991 2370 2230 2433 ’πολλοὶ
2275 2367 2641 2452 “Ηρακλε”α,

563 2465 756 2546 οὗτος
821 2471 921 2556 ἐφ’
970 2471 1294 2557 ιΗριιιίδου
1358 2477 1624 2546 νεανίας
1690 2471 1774 2557 ἦν
1842 2478 1915 2538 ἐν
1979 2470 2203 2560 ὗπὴνῃ
2270 2470 2496 2559 πρώτῃ
2539 2513 2643 2536 -.

564 2578 859 2645 Ceterum
923 2579 1201 2645 Herodis
1278 2580 1361 2645 ad
1427 2579 1471 2644 J
1476 2580 1770 2645 ulianum
1852 2580 2118 2665 epistola
2199 2579 2401 2644 multo
2467 2580 2648 2665 prius

564 2685 798 2769 scripta
841 2690 994 2769 erat,
1040 2705 1236 2769 quam
1278 2686 1450 2750 idem
1492 2684 1786 2751 Herodes
1825 2687 1955 2769 jam
2001 2705 2203 2749 senex
2244 2685 2454 2748 factus
2498 2703 2645 2747 cum

564 2789 921 2854 Ctesidemo
967 2789 1454 2873 colloqueretur.
1547 2789 1727 2866 Quae
1771 2797 2133 2874 temporum
2161 2791 2442 2854 rationes
2470 2791 2648 2873 ipsae

566 2914 829 2979 quoque
874 2894 1321 2979 supplemento
1366 2900 1585 2958 nostro
1633 2898 1779 2958 οἴου
1820 2901 1936 2957 «τοῦ
1975 2891 2384 2975 ιΗροικλεόυς
2415 2895 2650 2978 optime

565 3004 948 3084 congruunt.
1069 2998 1238 3063 Nam
1319 3000 1390 3062 in
1466 2999 1734 3083 epistola
1806 2999 1889 3063 ad
1960 2998 2004 3062 J
2006 2999 2300 3062 ulianum
2371 2998 2649 3081 Agathio

564 3108 780 3169 noster
843 3104 1139 3168 nondum
1204 3107 1300 3167 est
1357 3105 1459 3167 vir
1517 3101 1580 3184 (ἀ
1591 3099 1660 3183 νή
1674 3117 1750 3185 ρ),
1817 3104 1929 3168 sed
1987 3104 2229 3188 primae
2287 3101 2651 3186 dubiaeque

563 3208 895 3292 lanuginis
940 3208 1327 3272 adolescens.
1421 3207 1667 3285 Quodsi
1708 3213 1878 3272 recte
1906 3206 2099 3271 habet
2128 3207 2653 3291 supplementum

565 3331 786 3377 meum
843 3315 988 3374 οἴου
1040 3317 1155 3374 τοῦ
1202 3309 1642 3395 Ἠρακλεόυς,
1715 3313 2038 3376 Sostratus
2103 3317 2319 3376 noster
2370 3312 2475 3374 vir
2529 3310 2654 3373 fuit

569 3437 722 3482 sene
782 3418 916 3500 jam
979 3415 1240 3481 Herode
1295 3418 1359 3480 11.
1406 3436 1460 3482 e.
1508 3439 1565 3481 a.
1618 3418 1762 3481 170.
1853 3416 1978 3480 Sed
2044 3416 2333 3499 ejusdem
2388 3415 2655 3480 Sostrati

566 3523 767 3586 vitam
811 3527 884 3585 ut
924 3540 1150 3586 recens
1192 3523 1429 3585 mortui
1456 3521 1787 3587 Lucianus
1831 3525 1978 3585 ante
2004 3519 2412 3584 Demonactis
2449 3522 2651 3583 vitam

569 3629 611 3690 i.
659 3647 713 3691 e.
761 3647 815 3690 a.
868 3626 991 3691 179
1055 3624 1354 3689 ediderat.
1445 3627 1664 3710 Atque
1731 3626 1848 3690 etsi
1916 3626 2139 3688 mortis
2197 3645 2407 3709 genus
2465 3644 2652 3689 nemo

568 3731 849 3814 tradidit,
892 3736 1106 3795 tamen
1149 3749 1282 3794 non
1326 3732 1565 3795 mirum
1609 3736 1727 3813 est,
1772 3730 2148 3811 Sostratum,
2194 3731 2309 3813 qui
2352 3734 2445 3794 tot
2482 3730 2653 3793 vitae

569 3836 877 3923 periculis
938 3834 1223 3919 quotidie
1268 3837 1602 3919 expositus
1647 3840 1815 3900 esset
1858 3839 1921 3899 et
1956 3836 2090 3917 jam
2135 3834 2653 3898 adolescentulus

570 3941 954 4007 Philostrato
1030 3945 1285 4005 auctore
1352 3959 1503 4003 cum
1568 3940 1718 4004 feris
1783 3939 2015 4005 belluis
2084 3940 2478 4024 depugnaret
2542 3958 2655 4002 ex·

573 4051 917 4131 ceptasque
948 4064 1210 4130 corpore
1242 4046 1566 4111 cicatrices
1598 4045 1976 4129 ostenderet,
2012 4051 2428 4128 senectutem,
2460 4064 2655 4128 quam

570 4153 709 4236 ipse
764 4155 1045 4236 sperarat
1101 4151 1565 4236 longissimam,
1632 4151 1895 4214 omnino
1954 4170 2087 4215 non
2149 4150 2451 4234 adeptum
2495 4168 2651 4214 esse.

575 4255 1017 4340 Quaecunque
1060 4260 1274 4320 autem
1321 4256 1496 4340 apud
1538 4255 1999 4319 Philostratum
2030 4274 2083 4318 c.
2113 4254 2230 4317 VII
2267 4275 2352 4319 ex
2379 4253 2655 4319 Herodis

574 4361 773 4426 literis
819 4361 1144 4446 depromta
1186 4360 1484 4445 legimuS,
1543 4379 1619 4424 ea
1677 4365 1929 4425 tantum
1988 4359 2167 4423 abest
2211 4367 2283 4424 ut
2328 4365 2655 4444 exspecta·
