3099 5241
686 441 809 506 118
1502 447 1956 498 ΛοτΚιΑΝοτ

678 610 754 677 τὸ
802 620 1215 698 πορθμεῑον·
1265 617 1393 698 ἥξω
1442 615 1512 681 δέ
1560 643 1663 683 σοι
1708 620 1812 683 καὶ
1860 617 2056 693 αὐτὸς
2099 620 2246 705 μετ’
2288 620 2506 709 ὀλίγον
2539 646 2784 706 νεκρο-

683 717 950 783 στολῶν.
1044 720 1272 786 ΧΑΡ.
1370 715 1441 785 εὖ
1497 747 1577 808 γε
1622 722 1958 807 ἐποίησας,
2026 718 2073 788 ὦ
2118 722 2370 810 “Ερμῆ·
2432 726 2785 815 ειέργὲτης

682 823 773 895 εἰς
852 818 950 885 ἀεὶ
1032 820 1482 912 ἀναγεγράψῃ.
1602 824 1882 911 ὠνὰσιιην
1961 827 2083 914 γάρ
2161 855 2225 894 τι
2307 826 2411 894 διὰ
2497 835 2570 896 σὲ
2660 837 2785 913 τῆς

680 1127 842 1204 κατὰ]
892 1141 981 1186 καὶ
1019 1151 1105 1188 om
1140 1136 1328 1195 ΑΩΩ2.
1511 1136 1650 1190 καθ’
1693 1136 1730 1191 ἃ
1764 1136 1838 1205 M,
1887 1139 2043 1191 καθὰ
2079 1140 2129 1192 Α
2166 1141 2221 1194 et
2255 1159 2307 1194 V.
2488 1141 2540 1195 δ’
2586 1143 2688 1196 ἐπὶ
2726 1160 2781 1210 v,

683 1219 742 1276 δὲ
781 1221 870 1276 ἐπὶ
907 1222 1194 1281 ΒὲΙΑΩΩ2.
1370 1232 1461 1277 καὶ
1501 1224 1664 1282 αὐτὸς
1697 1223 1820 1292 μετ’
1861 1223 2047 1295 ὀλίγον
2079 1225 2363 1297 ΒΑΟΩΩ2,
2410 1228 2537 1296 μετ’
2580 1228 2785 1299 ὀλίγον

680 1316 772 1361 καὶ
810 1308 974 1367 αὐτὸς
1008 1309 1058 1367 21
1093 1312 1148 1364 et
1181 1328 1234 1365 v.
1413 1311 1467 1370 ἐς
1502 1312 1592 1366 ἀεὶ
1630 1311 1744 1380 ΟΜ,
1783 1308 1859 1370 εἰς
1897 1312 1985 1365 ἀεὶ
2022 1311 2161 1379 ΩΩ2,
2214 1309 2388 1368 εἰσαεὶ
2423 1316 2490 1384 A,
2541 1315 2639 1370 ἀεὶ
2676 1315 2781 1373 ΒὲΙ

679 1397 735 1450 et
781 1413 833 1450 v.
1029 1397 1406 1473 ἀναγεγράψῃ]
1460 1398 1710 1470 γεγράψη
1763 1401 1827 1452 A.
2023 1399 2251 1468 ὠνάμην
2298 1420 2352 1471 v,
2407 1401 2658 1473 ὀναίμην
2706 1402 2776 1466 Β,

682 1483 933 1552 (ὀναίμην
980 1484 1047 1548 21,
1108 1485 1410 1553 ὠνησάμην
1445 1486 1551 1540 AC.
1727 1485 1832 1556 γάρ
1880 1508 1936 1539 τι
1980 1486 2095 1550 BQ,
2157 1486 2219 1542 δέ
2264 1511 2318 1542 τι
2363 1506 2417 1557 V,
2464 1511 2519 1543 τι
2567 1489 2773 1547 ΑΩΩ2.

869 1570 1113 1642 βασιλεῖς
1166 1572 1437 1644 (Β)ΑΩΩ2
1491 1576 1545 1628 et
1597 1592 1650 1642 v,
1718 1572 2006 1644 βασιλεῦσι
2061 1574 2125 1642 ἓΙ,
2193 1573 2461 1645 βασιλέως
2510 1593 2637 1632 mea
2693 1578 2782 1631 est

678 1661 995 1715 emendatio.
1205 1660 1460 1730 πλίνθοι]
1513 1660 1720 1727 πλίνθη
1773 1662 1837 1715 A.
1908 1661 2110 1730 ubique
2162 1663 2342 1716 autem
2357 1703 2371 1730 ,
2425 1664 2581 1733 quasi
2637 1664 2778 1718 haec

678 1748 784 1800 tria
806 1747 917 1801 sint
938 1748 1080 1802 inter
1104 1764 1161 1802 se
1191 1749 1405 1803 diversa
1429 1748 1510 1802 sic
1534 1749 1962 1818 interpungitur:
1999 1746 2260 1818 βασιλεῖς,
2289 1736 2535 1804 πλίνθοι
2544 1755 2773 1821 χρυσαῖ,

681 1834 1005 1902 ἑκατόμβαι.
1082 1852 1216 1904 quae
1251 1852 1420 1905 quum
1455 1835 1683 1889 absurde
1721 1836 1866 1890 dicta
1901 1835 2028 1904 sint,
2065 1836 2514 1892 Hemsterhusius
2552 1839 2609 1892 et
2646 1839 2778 1906 post

679 1937 805 1973 eum
869 1920 963 1974 alii
1028 1922 1205 1975 omnia
1265 1922 1395 1976 haec
1461 1922 1624 1977 verba
1676 1923 1740 1976 ab
1794 1921 2033 1977 Luciano
2086 1923 2458 1992 abjudicarunt
2510 1926 2775 1994 tanquam

681 2006 975 2061 scholium:
1026 2025 1132 2077 quo
1174 2010 1313 2064 facto
1354 2007 1412 2063 δὲ
1449 2009 1643 2065 vocula
1678 2011 1800 2078 post
1836 2010 2107 2077 Χάρωνος
2141 2011 2265 2064 ferri
2302 2012 2402 2064 vix
2436 2014 2630 2080 potest.
2710 2027 2772 2065 ac

680 2111 746 2148 ne
796 2096 1059 2149 sententia
1106 2097 1324 2165 quidem
1370 2098 1500 2151 haec
1551 2096 1717 2151 deleri
1752 2097 1972 2165 patitur,
2023 2113 2191 2165 quum
2227 2098 2425 2152 diserte
2460 2099 2772 2153 addendum

679 2183 857 2251 fuerit,
912 2183 1089 2251 qualia
1136 2183 1247 2237 sint
1292 2184 1574 2238 hominum
1619 2183 1847 2252 negotia,
1902 2201 2008 2238 non
2058 2185 2233 2239 solum
2282 2185 2460 2253 qualia
2493 2202 2600 2240 non
2639 2186 2769 2240 sint.

680 2270 777 2324 sed
829 2287 996 2340 quum
1049 2271 1390 2326 hecatombae
1442 2272 1502 2325 in
1548 2271 1652 2324 hoc
1702 2270 1908 2339 dialogo
1953 2287 2221 2340 nusquam
2267 2276 2584 2327 memoratae
2637 2272 2767 2338 sint,

678 2356 1127 2412 Hemsterhusius
1162 2374 1295 2412 voce
1329 2358 1655 2428 ἑκατόμβαι,
1692 2375 1785 2426 pro
1813 2374 1918 2426 qua
1937 2358 2161 2413 Solanus
2186 2360 2389 2430 τύμβοι
2414 2360 2768 2429 exspectarat,

680 2444 769 2498 vel
804 2446 1036 2499 maxime
1073 2446 1307 2500 offensus
1343 2447 1440 2503 est.
1512 2446 1645 2499 adeo
1681 2461 1836 2499 nemo
1872 2462 1933 2499 ac
1967 2462 2034 2499 ne
2055 2445 2501 2501 Hemsterhusius
2539 2447 2762 2516 quidem

679 2532 935 2601 cogitarat
987 2532 1295 2603 ἑκατόμβαι
1350 2532 1404 2584 h.
1457 2532 1493 2586 l.
1551 2532 1852 2601 significare
1908 2532 2249 2601 ἀναθήματα
2303 2550 2412 2588 080
2464 2534 2765 2588 Herodoteo

677 2618 774 2688 IV,
814 2626 913 2679 179
955 2620 1075 2675 init.
1125 2619 1387 2689 praeclare
1435 2622 1614 2674 autem
1664 2636 1757 2688 pro
1807 2619 2015 2689 vulgari
2072 2619 2413 2689 ἀναθήματα
2457 2622 2584 2675 11.1.
2632 2618 2763 2691 poni

678 2706 986 2778 ἑκατόμβαι
1023 2708 1290 2762 (10001)οη1
1325 2708 1506 2762 Croesi
1542 2707 1703 2761 verba
1739 2724 1819 2775 ap.
1857 2707 2054 2761 Herod.
2091 2707 2136 2776 I,
2170 2714 2270 2766 90:
2307 2710 2377 2762 τὰ
2418 2708 2771 2777 ἀναθήματα,

680 2822 747 2832 —-
787 2793 875 2846 ἐπὶ
914 2799 1137 2862 Πέρσας
1172 2796 1468 2870 comparata
1505 2811 1632 2848 cum
1667 2796 1792 2848 noto
1838 2811 2024 2862 regum
2071 2796 2340 2864 institute,
2374 2795 2543 2862 ,velut
2575 2792 2763 2850 Persei

613 2935 630 2948 ,
680 2897 763 2949 01).
818 2881 872 2933 Τ.
921 2881 1142 2935 Livium
1188 2887 1275 2948 42,
1312 2887 1396 2949 51,
1451 2882 1543 2950 qui
1598 2898 1695 2935 rex
1748 2881 1951 2935 bellum
2003 2883 2313 2951 auspicatus
2367 2884 2453 2937 est
2505 2885 2759 2952 „centum

675 2968 876 3022 hostiis
914 2968 1173 3023 sacrificio
1209 2968 1454 3037 regaliter
1483 2969 1757 3022 Minervae
1793 2969 1964 3023 facto‘.
2037 2970 2221 3038 itaque
2257 2970 2488 3039 genuina
2522 2972 2576 3023 et
2612 2968 2762 3023 salva

679 3055 771 3109 hic
807 3056 935 3109 sunt
970 3056 1147 3109 omnia
1182 3058 1389 3124 praeter
1423 3072 1590 3109 unum
1628 3055 1765 3109 illud
1800 3055 2061 3125 βασιλεῖς,
2122 3057 2279 3126 cujus
2312 3057 2431 3112 1000
2466 3075 2563 3126 ego
2600 3063 2758 3127 βασι-

681 3140 814 3199 λέως
863 3143 1096 3196 restitui.
1165 3160 1288 3196 nam
1340 3143 1463 3196 aliis
1517 3143 1697 3196 verbis
1750 3144 1935 3196 eadem
1986 3145 2094 3197 fere
2149 3144 2214 3197 de
2265 3144 2457 3198 Croeso
2506 3144 2761 3198 dicuntur

680 3245 839 3297 supra
886 3244 931 3283 c.
973 3234 1033 3285 11
1082 3229 1227 3287 11111,;
1280 3228 1547 3285 πλίνθους
1582 3261 1649 3269 -
1688 3228 1936 3298 ὕστερον.
1998 3247 2156 3299 quam
2199 3232 2268 3300 pb
2317 3247 2532 3284 causam
2578 3227 2759 3284 Croesi

679 3316 868 3370 lateres
904 3316 1053 3369 aurei
1086 3316 1140 3369 h.
1175 3315 1212 3369 1.
1248 3317 1590 3370 nominantur
1622 3334 1716 3385 pro
1752 3334 1882 3371 auro
1918 3318 1976 3370 in
2012 3318 2345 3372 universum.
2401 3334 2565 3386 quum
2593 3316 2760 3386 igitur

679 3403 838 3456 unica
888 3418 975 3456 res
1028 3419 1135 3457 non
1186 3402 1366 3472 plures
1418 3403 1509 3457 hic
1563 3404 1938 3473 intelligendae
2008 3405 2145 3472 sint,
2213 3404 2526 3473 primarium
2591 3404 2757 3459 totius

677 3489 873 3559 dialogi
936 3492 1308 3558 argumentum
1372 3490 1554 3545 verbis
1619 3491 1818 3545 nostris
1874 3493 2193 3545 continetur.
2283 3492 2386 3545 hoc
2441 3491 2587 3545 enim
2640 3488 2758 3545 vult

679 3577 905 3646 Charon,
942 3577 1124 3631 Croesi
1148 3578 1318 3631 instar
1341 3593 1526 3631 omnes
1551 3578 1800 3632 mortales
1830 3595 1958 3632 auro
1994 3579 2200 3632 inhiare
2238 3579 2303 3632 de
2328 3580 2497 3633 morte
2523 3591 2754 3632 securos,

868 3665 990 3733 post
1033 3665 1342 3735 ἑκατόμβαι
1389 3665 1506 3718 add.
1558 3666 1731 3733 μα’χαι
1779 3667 1942 3735 vulgo
1977 3667 2031 3718 et
2068 3666 2147 3719 sic
2182 3664 2343 3718 multi
2378 3665 2504 3719 libri
2543 3665 2755 3734 (diserte

679 3752 905 3824 21992),
953 3753 1047 3807 sed
1090 3752 1263 3820 μάχαι
1299 3767 1386 3805 0111
1421 3754 1469 3805 A
1504 3752 1669 3821 idque
1705 3753 1898 3807 delevi.
1970 3751 2418 3806 Hemsterhusius
2456 3768 2668 3822 quoque
2703 3767 2754 3803 v.

677 3840 849 3910 μάχαι
894 3840 1132 3909 expungi
1170 3839 1354 3908 jussit,
1404 3856 1572 3908 quum
1619 3839 1676 3891 id
1726 3840 1843 3893 sine
1891 3839 2001 3893 ulla
2053 3855 2213 3893 causa
2260 3840 2540 3893 adhaereat
2589 3841 2645 3893 et
2689 3852 2755 3891 ex

677 3928 836 3983 initio
890 3945 934 3982 c.
984 3932 1053 3985 24
1105 3928 1351 3981 videatur
1404 3927 1780 3995 interpolatum
1837 3943 1971 3980 esse.
2044 3927 2177 3979 adde
2233 3928 2377 3995 quod
2424 3944 2534 3981 vox
2586 3926 2755 3993 μάχαι

676 4016 960 4085 rhythmos
1024 4030 1245 4084 pessum
1310 4014 1413 4067 dat.
1480 4014 1672 4068 insunt
1741 4017 1920 4069 autem
1983 4014 2114 4067 huic
2166 4012 2202 4066 1.
2256 4014 2468 4067 numeri
2519 4013 2752 4067 Luciano

676 4105 996 4173 frequentes,
1045 4104 1225 4156 exitus
1272 4101 1595 4156 hexametri:
1650 4118 1774 4154 nam
1822 4100 2089 4171 βασιλέως
2138 4104 2200 4154 01
2245 4101 2386 4169 apud
2423 4100 2754 4169 Aeschylum

679 4190 849 4260 (PerS.
875 4195 943 4249 24
979 4192 1034 4244 01
1067 4207 1117 4243 v.
1140 4191 1231 4259 58)
1267 4191 1322 4244 01
1356 4205 1512 4258 saepe
1547 4188 1607 4241 in
1642 4204 1827 4257 graeca
1861 4188 2011 4256 poesi
2048 4191 2134 4243 est
2168 4186 2527 4257 trisyllabum,
2564 4183 2752 4239 deinde
2830 4233 2835 4242 .

678 4278 986 4348 ἑκατόμβαι
1039 4277 1241 4331 claudit
1300 4277 1674 4330 hexametrum
1735 4291 1904 4343 quum
1957 4276 2016 4328 in
2065 4276 2233 4330 latina
2282 4275 2434 4343 poesi
2487 4272 2750 4344 (Juvenal.

676 4366 808 4435 XII,
829 4359 955 4437 101)
994 4367 1111 4419 tum
1147 4364 1462 4433 saepissime
1498 4362 1641 4433 apud
1659 4362 1972 4431 Homerum,
2006 4363 2103 4417 ubi
2137 4363 2254 4432 ipse
2289 4363 2487 4432 pedum
2509 4362 2751 4416 incessus

581 4491 593 4506 .
671 4470 772 4523 par
806 4454 860 4507 et
894 4451 1131 4522 aequalis
1166 4468 1284 4506 esse
1320 4451 1455 4507 solet
1487 4450 1605 4506 loco
1641 4451 1838 4519 nostre,
1875 4449 2026 4505 velut
2059 4450 2120 4505 in
2154 4450 2224 4504 «Π.
2259 4449 2325 4519 δ’,
2362 4453 2481 4517 120,
2526 4447 2619 4517 Ψ,
2655 4450 2752 4507 864
