3099 5241
576 381 720 452 190
1376 409 1835 460 ΛοἸΚιΑΝοῬ

567 582 762 662 ἀνείς,
836 580 1164 657 διαδιδοὺς
1230 582 1439 647 ἅπασι
1502 592 1638 653 τοῖς
1705 578 2064 664 δεομένοις,
2144 573 2193 666 ᾧ
2257 581 2381 663 μὲν
2447 580 2642 644 πέντε

567 685 881 774 δραχμάς,
947 683 995 772 ᾧ
1039 685 1110 751 δὲ
1153 693 1355 769 μνᾶν,
1407 677 1454 770 ᾧ
1502 683 1571 748 δὲ
1615 680 2083 767 ἡμιτάλαντον.
2181 687 2242 749 εἰ
2284 683 2353 749 δέ
2394 707 2489 756 τις
2534 706 2639 767 φι-

564 789 846 876 λόσοφος
906 793 1031 873 εἴη,
1094 788 1421 873 διμοιρίαν
1481 787 1523 872 ἢ
1580 788 1949 872 τριμοιρίαν
2004 789 2325 874 φέρεσθαι
2371 785 2634 860 δίκαιος·

566 894 716 978 ἐμοὶ
785 894 877 972 δὲ,
947 892 1156 959 καίτοι
1229 891 1343 959 οὐκ
1415 897 1703 977 ἐμαυτοῦ
1771 890 1956 981 χάριν
2015 896 2194 971 αἰτῶ,
2270 889 2405 956 ἀλλ’
2465 891 2641 964 ὅπως

564 997 827 1083 μεταδῶ
884 1004 1011 1084 τῶν
1072 997 1340 1080 ἑταίρων
1398 1009 1535 1070 τοῖς
1582 996 1940 1081 δεομένοις,
2003 994 2227 1062 ἱκανὸν
2272 999 2331 1061 εἰ
2368 993 2642 1078 ταυτηνὶ

564 1100 688 1186 τήν
745 1099 966 1186 πήραν
1023 1099 1364 1186 ἐμπλήσας
1408 1098 1766 1189 παράσχοις
1826 1099 1977 1166 οῦδὲ
2037 1101 2226 1176 ὅλους
2287 1096 2406 1165 δύο
2451 1096 2641 1225 μεδί-

562 1230 773 1291 μνους
817 1212 1149 1294 χωροῦσαν
1184 1203 1668 1293 Αιγινητικοῦς.
1763 1203 2061 1292 ὀλιγαρκῆ
2111 1203 2180 1270 δὲ
2223 1204 2329 1268 καὶ
2372 1203 2641 1288 μέτριον

562 1307 675 1398 χρή
732 1308 899 1376 εἶναι
940 1307 1060 1377 τὸν
1102 1311 1588 1395 φιλοσοφοῦντα
1634 1308 1741 1374 καὶ
1784 1309 1998 1393 μηδὲν
2040 1307 2204 1394 ὑπὲρ
2249 1304 2373 1392 τήν
2415 1304 2640 1392 πήραν

429 1425 527 1480 175
564 1438 846 1499 φρονειν.
953 1415 1155 1479 ΤΙΜ.
1237 1418 1481 1479 ἐπαινῶ
1539 1409 1747 1479 ταῦτά
1804 1414 1847 1455 ‘³³‘
1911 1438 2050 1491 σου,
2117 1407 2164 1477 ὦ
2217 1409 2636 1498 Θρασύκλεις·

564 1517 694 1603 πρὸ
755 1512 945 1584 δὀὖν
1000 1524 1118 1601 τῆς
1175 1515 1416 1603 πήρας,
1482 1520 1543 1582 εἰ
1585 1516 1777 1592 δοκεῖ,
1843 1518 1996 1603 φέρε
2041 1541 2145 1582 σοι
2187 1513 2312 1600 τήν
2355 1511 2669 1601 κεφαλήν.

564 1618 877 1708 ἐμπλήσω
943 1618 1271 1688 κονδύλων
1329 1620 1768 1706 ἐπιμετρήσας
1825 1628 1906 1709 τῇ
1968 1620 2234 1709 δικέλλῃ.
2358 1619 2631 1687 ΘΡΑΣ.

564 1721 612 1791 ὦ
660 1725 1066 1811 δημοκρατία
1125 1725 1230 1791 καὶ
1289 1722 1513 1811 νόμοι,
1564 1722 1914 1810 παιόμεθα
1961 1723 2093 1791 ὑπὸ
2121 1731 2242 1791 τοῦ
2270 1722 2639 1809 καταράτου

563 1835 630 1895 ἐν
690 1831 999 1916 ἐλευθέρᾳ
1055 1836 1136 1917 τῇ
1195 1826 1400 1895 πόλει.
1522 1830 1725 1895 ΤΙΜ.
1802 1829 1866 1895 τί
1922 1828 2325 1918 ἀγανακτεῖς,
2391 1822 2633 1917 ὦγαθέ,

560 1941 708 2018 μῶν
776 1932 1358 2019 παρακέκρουσμαί
1413 1958 1528 2014 σε,·
1600 1934 1707 1998 καὶ
1758 1930 1900 2018 μήν
1958 1934 2304 2018 ἐπεμβαλῶ
2359 1932 2638 2020 χοίνικας

561 2129 611 2181 p.
651 2113 754 2167 284
791 2114 845 2164 et
879 2110 1354 2165 Amersfoordtium
1390 2109 1456 2163 ad
1490 2092 1764 2164 Demosfih.
1804 2110 1833 2163 Ι
1868 2127 1918 2179 p.
1960 2111 2060 2164 795
2097 2108 2176 2162 ed.
2215 2107 2336 2163 Sch.
2373 2106 2500 2160 hinc
2535 2106 2636 2160 Co-

561 2200 718 2253 bevus
736 2199 801 2253 V.
825 2198 885 2253 L.
907 2215 958 2267 p.
976 2199 1079 2253 295
1115 2199 1298 2251 nostro
1333 2198 1368 2251 1.
1400 2197 1561 2250 verba
1594 2195 1760 2248 τοῦτο
1798 2193 1990 2265 βούλει
2026 2194 2190 2249 deleri
2224 2194 2405 2259 voluit,
2441 2193 2500 2246 in
2534 2209 2635 2263 quo

561 2286 693 2340 haec
727 2285 893 2338 τοῦτο
931 2288 986 2340 et
1022 2280 1187 2336 ἄλλον
1220 2283 1434 2351 τρόπον
1483 2301 1539 2338 se
1587 2283 1813 2338 invicem
1845 2285 2080 2337 tuentur.
2153 2281 2288 2336 adde
2322 2281 2634 2335 Hermotim.

563 2372 594 2439 ἓ
627 2375 725 2427 23:
761 2368 1000 2440 μάλιστα
1035 2372 1138 2439 μέν
1174 2401 1259 2433 --,
1312 2374 1358 2423 εἶ
1398 2366 1458 2422 δέ
1493 2369 1570 2437 μὴ
1613 2367 1866 2422 ἐθέλοιεν
1902 2368 1937 2436 ἢ
1972 2368 2047 2437 μή
2091 2365 2367 2429 δύναιντο,
2406 2397 2493 2420 -.

561 2456 699 2525 μηδ’
742 2457 838 2526 (μή
881 2454 937 2509 δ’
978 2458 1049 2526 A)
1088 2455 1294 2527 ὀβολὸν
1329 2457 1608 2519 ΑΟΨΡΒ,
1655 2462 1746 2507 καὶ
1783 2452 1922 2524 μηδ’
1965 2453 2170 2524 ὀβολὸν
2203 2457 2325 2513 9522
2361 2457 2416 2508 et
2448 2473 2497 2509 v.

560 2546 687 2600 libri
723 2543 889 2611 αὐτῷ,
930 2545 1102 2599 Faber
1137 2543 1367 2610 σεαυτῷ,
1412 2543 1590 2610 σαυτῷ
1629 2543 1953 2608 Dindorfius‚
1992 2541 2135 2608 αὑτῷ
2168 2559 2265 2611 ego
2299 2543 2358 2595 in
2393 2541 2633 2607 Quaestt.

563 2636 623 2688 L.
660 2650 712 2703 p.
753 2635 851 2689 156
887 2649 1007 2687 cum
1041 2632 1459 2687 Hemsberhusio.
1615 2629 1763 2688 ἀνεὶς
1796 2630 2113 2696 A92PRYd‚
2158 2628 2306 2686 ἀνιεῖς
2344 2632 2406 2691 0,
2468 2626 2638 2684 ἀνιεὶς

571 2725 634 2780 Ψ,
676 2718 810 2795 ἀνῇς
842 2722 892 2771 Ω
928 2723 984 2773 et
998 2737 1046 2773 v.
1110 2719 1269 2774 verba
1306 2716 1450 2784 αὐτῷ
1491 2716 1638 2774 ἀνείς
1672 2719 1921 2772 videntur
1954 2720 2202 2787 corrupta
2236 2733 2366 2771 esse.
2510 2712 2633 2768 δια-

564 2804 755 2863 διδοὺς
798 2806 1071 2864 ΑΨΩΩςΡ
1118 2809 1173 2860 et
1206 2825 1253 2870 v,
1310 2801 1540 2862 διαδοὺς
1583 2808 1695 2867 OR,
1757 2801 1948 2862 διδοὺς
1997 2805 2224 2859 Thomas
2273 2821 2323 2873 p.
2359 2806 2429 2859 48
2473 2806 2528 2857 et
2574 2820 2635 2857 ex

564 2895 764 2949 Thoma
797 2894 963 2949 schol.
1003 2893 1072 2946 ad
1105 2892 1263 2947 Rhet.
1302 2892 1484 2947 Praec,
1524 2893 1556 2959 ἓ
1596 2897 1677 2948 15.
1836 2891 2041 2961 nme}
2084 2911 2128 2945 ε.
2168 2909 2214 2945 a.
2373 2890 2515 2957 μνᾶν
2551 2906 2636 2943 om

557 2982 609 3046 d,
643 2983 778 3048 μίαν
814 2980 979 3035 schol.
1018 2982 1144 3034 Luc.
1182 2980 1218 3034 1.
1255 2979 1292 3034 1.
1332 2978 1410 3047 (at
1447 2979 1675 3034 Thomas
1712 2978 1895 3047 μνᾶν).
2039 2976 2311 3030 τάλαντον
2341 2979 2462 3035 ΩΩς
2498 2979 2553 3030 et
2586 2994 2633 3040 v,

557 3068 655 3123 sed
688 3070 831 3123 recte
867 3064 1245 3134 ἡμιτάλαντον
1279 3067 1577 3121 ΑΨΟΡΒῩ
1613 3065 1772 3120 codex
1789 3066 1952 3120 Fabri
1986 3082 2107 3120 oum
2141 3065 2344 3119 Thoma
2377 3067 2433 3118 et
2466 3064 2631 3118 schol.

558 3157 687 3211 Luc.
832 3150 1067 3221 δίκαιος]
1106 3150 1325 3205 δίκαιον
1350 3157 1413 3208 Ψ.
1556 3160 1784 3221 ταυτηνὶ
1803 3153 1904 3207 AN
1941 3155 1997 3206 et
2029 3151 2273 3205 fortassis
2304 3151 2633 3215 04152522PR,

558 3240 765 3308 ταύτην
798 3260 844 3295 v.
988 3236 1259 3306 ἐκπλήσας
1293 3240 1343 3294 Α
1378 3240 1540 3304 solue,
1577 3240 1671 3294 sed
1702 3243 1848 3294 recte
1882 3240 2078 3293 caeteri
2110 3238 2235 3292 libri
2269 3240 2325 3292 et
2357 3256 2391 3291 v
2427 3234 2633 3304 ἐμπλή-

562 3350 674 3392 σας,
731 3328 873 3398 quod
917 3327 1134 3382 verbum
1168 3326 1286 3380 mo‘x
1323 3327 1513 3382 Timon
1546 3328 1744 3398 repetit
1776 3326 2040 3380 inridens:
2096 3328 2233 3393 φέρε
2282 3343 2372 3376 σοι
2406 3323 2509 3391 τὴν
2543 3343 2631 3376 κε-

561 3414 747 3486 φαλήν
782 3412 1041 3482 ἐμπλήσω
1079 3409 1378 3475 κονδύλων,
1418 3415 1512 3469 ubi
1543 3415 1720 3469 Faber
1753 3416 1875 3484 apte
1916 3413 2145 3467 contulit
2177 3412 2359 3469 Plauti
2391 3411 2630 3466 Aulular.

557 3574 664 3638 III,
699 3575 748 3637 3,
783 3574 834 3628 6.
991 3568 1278 3644 παράσχῃς
1309 3570 1475 3636 AOR,
1528 3522 1835 3638 παράσχάΙις
1878 3576 1942 3632 Ψ,
1999 3569 2094 3624 ssd
2136 3572 2281 3624 recto
2327 3567 2634 3638 παράσχοις

558 3661 726 3717 ΡΩΩΞ
761 3661 816 3712 et
849 3676 897 3712 v.
970 3658 1089 3713 vide
1124 3675 1259 3728 quae
1294 3675 1454 3728 supra
1487 3658 1556 3712 ad
1583 3658 1700 3725 §10
1736 3658 1880 3713 diota
1901 3661 2044 3713 sunt.
2189 3654 2632 3725 φιλοσοφοῦντα]

561 3743 876 3815 φιλόσοφον
909 3745 1041 3800 Yod.
1198 3742 1251 3797 δ’
1294 3736 1392 3798 οὖν
1427 3745 1741 3800 Jacobitius.
1813 3745 1941 3798 libri
1972 3743 2122 3813 γοῦν.
2282 3764 2372 3796 σοι
2404 3743 2506 3811 τὴν
2542 3765 2631 3797 κε-

560 3830 766 3903 φαλὴν]
807 3850 904 3885 σου
941 3831 1045 3900 τὴν
1079 3829 1329 3900 κεφαλὴν
1363 3833 1425 3887 Ρ.
1589 3828 1885 3900 κονδύλων]
1928 3828 2232 3884 δακτυλίων
2270 3835 2332 3884 Ο.
2498 3829 2630 3901 ἀγα-

557 3925 772 3976 νακτεῖς
806 3919 870 3974 Α.
1026 3910 1072 3970 ὦ
1104 3917 1268 3989 ’γαθέ
1318 3917 1683 3988 &pomoni-5063
1737 3919 1861 3986 μῶν
1906 3920 2083 3988 vulg0‚
2134 3909 2179 3971 ὦ
2219 3919 2382 3989 γαθέ.
2457 3922 2632 3986 τίμων

557 4008 649 4063 AO
686 4006 785 4075 (ita
816 4005 957 4073 AO),
999 3997 1045 4057 ὦ
1078 4007 1221 4076 γαθέ
1260 4044 1274 4058 .
1318 4042 1331 4057 .
1375 4043 1390 4057 .
1431 4007 1481 4060 R
1514 4006 1687 4075 spatio
1722 4022 1901 4073 vacuo,
1939 3998 1983 4057 ὦ
2018 4006 2160 4076 γαθέ
2197 4008 2373 4075 τίμιον
2400 4007 2446 4061 Ρ
2482 4011 2538 4061 et
2570 4009 2633 4060 ut

556 4094 768 4151 videtur
809 4095 993 4159 ΨΩΩς,
1029 4092 1175 4162 (ante
1209 4096 1384 4162 τίμων
1419 4110 1645 4163 persona
1680 4094 1984 4164 Thrasyolis
2023 4097 2078 4148 et
2111 4096 2234 4148 antae
2270 4100 2363 4146 καὶ
2397 4092 2511 4162 μὴν
2541 4094 2630 4148 Ti-

556 4183 727 4237 monis
761 4182 821 4235 in
862 4180 996 4249 ΨΩ),
1035 4198 1131 4251 pro
1166 4181 1289 4250 μῶν
1323 4182 1382 4235 in
1416 4180 1529 4235 cod.
1567 4181 1736 4237 Paris,
1774 4181 1883 4250 legi
1915 4183 2091 4250 τίμων
2133 4182 2267 4236 dicit
2299 4182 2485 4245 Faber,
2539 4181 2632 4250 qui

556 4271 672 4340 ipse
707 4268 1025 4337 conjiciebat
1056 4271 1142 4336 τίς
1179 4266 1318 4336 μῶν.
1394 4284 1499 4321 non
1534 4268 1702 4322 multo
1748 4269 1934 4322 melior
1979 4268 2283 4338 conjectura
2324 4270 2408 4321 est
2442 4267 2632 4322 Coboti

557 4358 623 4413 V.
660 4357 722 4411 L.
762 4373 812 4424 p.
848 4358 979 4412 223:
1015 4355 1138 4424 μῶν
1169 4374 1225 4407 τι
1260 4382 1347 4406 -.
1419 4357 1566 4410 recte
1600 4372 1722 4410 vero
1739 4354 2044 4411 Dindorfius
2064 4356 2368 4410 etBekker:
2405 4353 2626 4425 ὥγαθές
