3099 5241
8 4039 217 4133 Ἀ

192 4351 225 4394 Q

1274 418 1779 475 PEDESTRIBUS.
2356 418 2566 475 XCVII

476 612 572 657 ne⁴
625 595 967 676 rhythmus
1044 598 1115 661 in
1196 601 1470 662 metrum
1546 598 1743 662 oratio
1808 598 1878 660 in
1946 597 2172 680 poesin
2238 595 2433 660 verba
2496 597 2568 659 in

478 717 740 763 versum
820 703 1097 784 pessime
1173 702 1439 767 abirent.
1552 702 1784 786 Itaque
1850 703 1909 765 ei
1973 701 2258 782 rhythmi
2327 700 2566 785 quibus

472 804 723 885 justum
781 811 1058 870 metrum
1124 808 1559 871 contineretur
1623 807 1816 891 longe
1878 794 2191 889 fugiendi,
2257 824 2379 870 nec
2439 807 2568 868 nisi

479 926 592 972 eae
655 914 869 993 partes
930 911 1374 993 rhythmorum
1445 912 1810 996 seligendae
1877 916 2076 994 erant,
2148 910 2387 995 quibus
2455 916 2570 976 aut

479 1013 735 1078 nullum
795 1020 1070 1080 metrum
1131 1021 1244 1080 aut
1287 1037 1415 1081 non
1464 1016 1732 1101 plenum
1777 1035 1990 1100 neque
2033 1017 2356 1101 integrum
2402 1015 2568 1080 effici

479 1124 711 1202 posset.
801 1121 984 1186 Adeo
1040 1126 1269 1186 natura
1323 1122 1417 1186 rei
1474 1122 1644 1204 tulit,
1711 1126 1786 1186 ut
1847 1142 2050 1205 quum
2110 1126 2311 1186 metra
2354 1122 2572 1185 omnia

481 1228 622 1287 tum
663 1225 996 1306 rhythmos
1043 1231 1241 1290 metro
1285 1246 1470 1311 pares
1515 1231 1629 1290 aut
1671 1226 1950 1290 nimium
1995 1226 2236 1290 similes
2274 1227 2572 1290 inventor

483 1328 788 1414 effugeret
853 1337 917 1395 et
981 1337 1149 1395 certa
1216 1335 1473 1396 tantum
1537 1331 1983 1412 rhythmorum
2048 1350 2284 1415 genera
2345 1331 2570 1394 sectari

482 1438 712 1517 posset.
836 1434 976 1511 Quo
1062 1436 1229 1501 facto
1317 1441 1380 1500 et
1471 1455 1640 1520 quae
1730 1435 2018 1519 quaesita
2106 1439 2241 1500 erat
2314 1437 2571 1499 aurium

485 1537 880 1622 voluptatem
939 1543 1275 1605 invenerat
1330 1560 1451 1606 neo
1495 1545 1734 1605 temere
1777 1541 1847 1604 in
1894 1540 2093 1605 ullius
2134 1541 2440 1625 reprehen
2449 1542 2574 1603 sio-

482 1662 634 1707 nem
700 1645 1087 1710 incurrebat.
1194 1645 1403 1722 Quare
1456 1664 1594 1708 rem
1651 1645 1744 1708 sic
1800 1644 2068 1729 putabat
2127 1646 2573 1710 invertendam

484 1766 661 1830 esse,
743 1754 818 1814 ut
876 1751 1010 1833 Jam
1076 1753 1147 1814 in
1213 1752 1499 1815 oratione
1564 1750 1847 1831 rhythmi
1915 1753 2190 1834 exiguae
2258 1750 2575 1835 quaedam

483 1859 693 1936 partes
768 1855 995 1920 fierent
1071 1860 1435 1920 metrorum.
1542 1855 1644 1919 Ac
1719 1856 1999 1939 profecto
2080 1857 2247 1920 hanc
2314 1855 2394 1919 ab
2457 1856 2571 1918 illo

485 1959 656 2023 viam
719 1961 946 2024 initam
1013 1980 1153 2026 esse
1182 1974 1185 1975 *
1210 1960 1426 2025 Cicero
1493 1961 1565 2024 in
1623 1958 1882 2025 Oratore
1940 1980 1993 2024 c.
2047 1961 2129 2026 12
2185 1961 2388 2043 docet,
2456 1959 2573 2024 ubi

483 2063 1030 2145 Thrasymachum
1089 2071 1304 2129 narrat
1370 2066 1637 2147 ,minuta
1695 2071 1759 2129 et
1816 2066 2282 2130 versiculorum
2344 2065 2577 2129 similia

489 2169 819 2251 quaedam‘
904 2169 1205 2234 habuisse
1283 2175 1346 2234 et
1411 2189 1567 2233 mox
1634 2171 1869 2233 clarius
1935 2189 1987 2234 c.
2042 2171 2160 2254 13,
2240 2170 2354 2235 ubi
2423 2191 2574 2235 eum

487 2274 576 2337 ait
657 2275 987 2339 concisum
1064 2274 1265 2340 fuisse
1347 2275 1652 2356 ,numeris
1732 2275 2041 2340 minutis‘.
2155 2276 2338 2340 Tales
2415 2280 2576 2339 tam-

490 2396 617 2461 que
681 2379 967 2443 minutos
1014 2396 1336 2444 ‘numeros
1403 2400 1516 2465 per
1582 2400 1650 2445 se
1714 2379 2035 2463 fundunt,
2119 2385 2193 2444 ut
2266 2380 2367 2444 his
2433 2385 2575 2444 uta-

488 2500 670 2564 mur,
773 2486 1039 2567 quaevis
1128 2486 1661 2569 penthemimere,
1760 2485 1961 2549 veluti
2051 2489 2298 2568 praeter
2385 2484 2577 2548 doch-

486 2587 693 2652 miaca
766 2588 958 2653 etiam
1030 2588 1305 2655 iambica
1379 2595 1442 2655 et
1515 2590 1852 2673 dactylica.
1974 2589 2073 2654 Ita
2149 2607 2576 2674 quaecunque

487 2695 557 2756 in
616 2713 1035 2759 numerorum
1093 2697 1492 2779 expositione
1547 2694 1906 2778 Dionysius
1959 2694 2131 2775 Hal„
2195 2694 2445 2759 Tullius
2513 2701 2576 2757 et

491 2796 928 2874 Quintilianus
988 2799 1068 2863 de
1122 2801 1400 2864 metricis
1457 2800 1731 2885 pedibus
1792 2802 1977 2884 (quos
2034 2801 2159 2884 ipsi
2220 2798 2386 2863 solos
2431 2818 2577 2882 pro-

488 2902 666 2984 bant)
735 2923 1193 2988 saepenumero
1261 2905 1549 2987 afferunt,
1618 2924 1693 2969 ea
1758 2905 1840 2967 ad
1907 2909 2195 2988 tempora
2259 2904 2578 2986 pertinent

491 3010 758 3073 seriora:
806 3014 1026 3072 contra
1071 3008 1282 3073 sicubi
1326 3009 1536 3073 eidem
1582 3010 1721 3074 sine
1758 3013 1959 3073 metro
1989 3027 2293 3072 numeros
2324 3026 2576 3071 eorum-

493 3132 620 3196 que
678 3117 963 3197 tempora
1018 3117 1080 3177 et
1136 3114 1470 3178 intervalla
1526 3114 1872 3198 explicant,
1927 3115 2227 3197 antiquos
2284 3117 2577 3177 auctores

492 3219 694 3282 secuti
753 3237 827 3282 ea
879 3219 1165 3301 tradunt,
1234 3238 1398 3303 quae
1458 3221 1528 3283 in
1574 3219 2033 3300 Thrasymachi
2087 3223 2354 3282 aetatem
2413 3215 2577 3281 belle

492 3324 894 3386 conveniant.
964 3323 1184 3388 Veluti
1230 3324 1563 3389 dochmius
1608 3325 1737 3388 huc
1780 3323 2153 3389 referendus
2198 3324 2337 3405 erit,
2384 3342 2577 3406 quem

490 3426 740 3492 Tullius
796 3429 867 3491 in
928 3425 1190 3493 Oratore
1242 3449 1294 3493 c.
1344 3430 1450 3511 64,
1518 3429 1674 3493 dum
1732 3429 1927 3493 semel
1981 3434 2275 3513 ponatur,
2345 3429 2577 3512 quovis

491 3534 632 3597 loco
692 3537 915 3617 aptum
971 3551 1110 3597 esse
1170 3540 1406 3617 censet,
1477 3532 1915 3609 Quintilianus
1962 3539 2176 3598 autem
2220 3532 2341 3616 IX,
2386 3533 2447 3615 4,
2492 3533 2573 3597 97

492 3638 562 3701 in
630 3637 937 3702 clausulis
1005 3642 1078 3702 ut
1142 3638 1432 3703 stabilem
1500 3644 1564 3702 et
1630 3658 1943 3703 severum.
2034 3637 2279 3702 Eodem
2337 3641 2579 3721 spectat

493 3742 655 3806 illud
715 3741 1075 3807 Aristotelis
1141 3744 1210 3806 in
1270 3741 1567 3808 Rhethor.
1614 3742 1735 3826 III,
1795 3744 1833 3808 8
1894 3744 2071 3807 init:
2144 3735 2413 3824 ῥυθμὸν
2484 3738 2579 3822 δεῖ

495 3843 659 3932 ἔχειν
721 3841 841 3909 τὸν
906 3840 1125 3931 λόγον,
1195 3848 1443 3930 μέτρον
1512 3845 1582 3911 δὲ
1647 3830 1792 3929 μή(
1854 3844 2117 3931 ποίημα
2183 3840 2307 3931 γὰρ
2368 3841 2572 3908 ἔσται.

491 3945 905 4033 (ny-Quove}
970 3947 1068 4033 μῆ
1138 3948 1444 4035 ἀκριβῶς·
1517 3955 1716 4015 τοῦτο
1787 3949 1854 4015 δὲ
1923 3948 2139 4027 ἔσται,
2214 3948 2331 4014 ἐὰν
2397 3950 2579 4035 μέχρι

494 4077 617 4119 του
657 4048 724 4139 ἦ.
820 4054 1141 4139 Deinceps
1171 4056 1545 4121 Aristoteles
1568 4054 1655 4139 -(a
1702 4075 1830 4141 quo
1875 4060 2047 4121 totus
2091 4056 2329 4139 pendet
2374 4053 2578 4131 Quin-

494 4160 760 4225 tilianus
810 4160 941 4242 IX,
984 4158 1049 4242 4,
1095 4159 1201 4241 87)
1258 4180 1523 4244 Paeona,
1583 4161 1758 4245 quod
1816 4180 2075 4225 versum
2133 4165 2245 4224 aut
2301 4164 2579 4223 metrum

496 4285 825 4349 nusquam
868 4265 1079 4347 faciat,
1123 4263 1347 4349 probat
1389 4266 1674 4330 maxime
1719 4284 2000 4349 eumque
2045 4286 2083 4329 a
2109 4264 2576 4346 Thrasymacho

499 4369 656 4434 dicit
717 4371 1057 4435 inventum
1126 4388 1281 4435 esse.
1395 4370 1612 4447 Quum
1685 4375 1900 4435 autem
1965 4370 2142 4434 hunc
2206 4369 2581 4451 rhythmum

2163 4494 2247 4535 vu
