<?xml version="1.0" encoding="UTF-8"?>
<!DOCTYPE html PUBLIC "-//W3C//DTD XHTML 1.0 Transitional//EN"
    "http://www.w3.org/TR/xhtml1/DTD/xhtml1-transitional.dtd">
<html xmlns="http://www.w3.org/1999/xhtml" xml:lang="en" lang="en">
 <head>
  <title>
</title>
<meta http-equiv="Content-Type" content="text/html;charset=utf-8" />
  <meta name='ocr-system' content='tesseract 3.04.00' />
  <meta name='ocr-capabilities' content='ocr_page ocr_carea ocr_par ocr_line ocrx_word'/>
</head>
<body>
  <div class='ocr_page' id='page_1' title='image "./lucianussamosat01fritgoog_0142.png"; bbox 0 0 3099 5241; ppageno 0'>
   <div class='ocr_carea' id='block_1_1' title="bbox 557 376 1946 484">
    <p class='ocr_par' dir='ltr' id='par_1_1' title="bbox 557 376 1946 484">
     <span class='ocr_line' id='line_1_1' title="bbox 557 376 1946 484; baseline 0.001 -28"><span class='ocrx_word' id='word_1_1' title='bbox 557 376 657 484; x_wconf 64' lang='grc'><strong><em>94</em></strong></span> <span class='ocrx_word' id='word_1_2' title='bbox 1365 406 1824 458; x_wconf 70' lang='grc' dir='ltr'><strong><em>ΛοτΚιΑΝοτ</em></strong></span> <span class='ocrx_word' id='word_1_3' title='bbox 1933 421 1946 433; x_wconf 84' lang='grc'><em>·</em></span> 
     </span>
    </p>
   </div>
   <div class='ocr_carea' id='block_1_2' title="bbox 414 573 2632 1492">
    <p class='ocr_par' dir='ltr' id='par_1_2' title="bbox 414 573 2632 1492">
     <span class='ocr_line' id='line_1_2' title="bbox 551 573 2632 663; baseline 0.001 -21"><span class='ocrx_word' id='word_1_4' title='bbox 551 574 758 659; x_wconf 77' lang='grc' dir='ltr'><strong><em>ἡδέως</em></strong></span> <span class='ocrx_word' id='word_1_5' title='bbox 811 574 897 642; x_wconf 78' lang='grc' dir='ltr'><strong><em>ἄν</em></strong></span> <span class='ocrx_word' id='word_1_6' title='bbox 949 573 1252 661; x_wconf 82' lang='grc' dir='ltr'><strong><em>μάθοιμι</em></strong></span> <span class='ocrx_word' id='word_1_7' title='bbox 1308 573 1487 661; x_wconf 77' lang='grc' dir='ltr'><strong><em>παρά</em></strong></span> <span class='ocrx_word' id='word_1_8' title='bbox 1556 581 1698 641; x_wconf 88' lang='grc' dir='ltr'><strong><em>σοῦ.</em></strong></span> <span class='ocrx_word' id='word_1_9' title='bbox 1793 578 1851 643; x_wconf 84' lang='grc'><strong><em>3.</em></strong></span> <span class='ocrx_word' id='word_1_10' title='bbox 1919 575 2223 644; x_wconf 72' lang='grc' dir='ltr'><strong><em>ΠΡΩΤ.</em></strong></span> <span class='ocrx_word' id='word_1_11' title='bbox 2301 576 2501 663; x_wconf 81' lang='grc' dir='ltr'><strong><em>ὁποίᾳ</em></strong></span> <span class='ocrx_word' id='word_1_12' title='bbox 2546 577 2632 645; x_wconf 80' lang='grc' dir='ltr'><strong><em>ἄν</em></strong></span> 
     </span>
     <span class='ocr_line' id='line_1_3' title="bbox 553 676 2630 766; baseline 0.001 -21"><span class='ocrx_word' id='word_1_13' title='bbox 553 681 758 766; x_wconf 79' lang='grc' dir='ltr'><strong><em>πέτρᾳ</em></strong></span> <span class='ocrx_word' id='word_1_14' title='bbox 801 678 1192 766; x_wconf 74' lang='grc' dir='ltr'><strong><em>προσελθών</em></strong></span> <span class='ocrx_word' id='word_1_15' title='bbox 1237 676 1502 766; x_wconf 78' lang='grc' dir='ltr'><strong><em>ἁρμόσῃ</em></strong></span> <span class='ocrx_word' id='word_1_16' title='bbox 1547 677 1667 753; x_wconf 81' lang='grc' dir='ltr'><strong><em>τάς</em></strong></span> <span class='ocrx_word' id='word_1_17' title='bbox 1710 676 1982 754; x_wconf 75' lang='grc' dir='ltr'><strong><em>κοτύλας</em></strong></span> <span class='ocrx_word' id='word_1_18' title='bbox 2024 680 2131 744; x_wconf 78' lang='grc' dir='ltr'><strong><em>καὶ</em></strong></span> <span class='ocrx_word' id='word_1_19' title='bbox 2173 678 2476 766; x_wconf 77' lang='grc' dir='ltr'><strong><em>προσφύς</em></strong></span> <span class='ocrx_word' id='word_1_20' title='bbox 2511 705 2630 747; x_wconf 86' lang='grc' dir='ltr'><strong><em>κα-</em></strong></span> 
     </span>
     <span class='ocr_line' id='line_1_4' title="bbox 551 780 2630 872; baseline 0.002 -23"><span class='ocrx_word' id='word_1_21' title='bbox 551 784 697 872; x_wconf 77' lang='grc' dir='ltr'><strong><em>τέχῃ</em></strong></span> <span class='ocrx_word' id='word_1_22' title='bbox 740 796 885 859; x_wconf 85' lang='grc' dir='ltr'><strong><em>ταῖς</em></strong></span> <span class='ocrx_word' id='word_1_23' title='bbox 927 780 1339 861; x_wconf 76' lang='grc' dir='ltr'><strong><em>πλεκτάναις,</em></strong></span> <span class='ocrx_word' id='word_1_24' title='bbox 1392 782 1600 871; x_wconf 78' lang='grc' dir='ltr'><strong><em>ἐκείνῃ</em></strong></span> <span class='ocrx_word' id='word_1_25' title='bbox 1650 783 1890 867; x_wconf 84' lang='grc' dir='ltr'><strong><em>ὅμοιον</em></strong></span> <span class='ocrx_word' id='word_1_26' title='bbox 1935 780 2365 871; x_wconf 76' lang='grc' dir='ltr'><strong><em>ἀπεργάζεται</em></strong></span> <span class='ocrx_word' id='word_1_27' title='bbox 2393 783 2630 853; x_wconf 77' lang='grc' dir='ltr'><strong><em>ἑαυτὸν</em></strong></span> 
     </span>
     <span class='ocr_line' id='line_1_5' title="bbox 414 883 2622 975; baseline 0.001 -24"><span class='ocrx_word' id='word_1_28' title='bbox 414 898 518 954; x_wconf 88' lang='grc'><strong><em>300</em></strong></span> <span class='ocrx_word' id='word_1_29' title='bbox 555 891 594 929; x_wconf 67' lang='lat'><strong><em>⁴*</em></strong></span> <span class='ocrx_word' id='word_1_30' title='bbox 654 887 760 952; x_wconf 77' lang='grc' dir='ltr'><strong><em>καὶ</em></strong></span> <span class='ocrx_word' id='word_1_31' title='bbox 824 885 1213 974; x_wconf 76' lang='grc' dir='ltr'><strong><em>μεταβάλλει</em></strong></span> <span class='ocrx_word' id='word_1_32' title='bbox 1264 883 1390 971; x_wconf 76' lang='grc' dir='ltr'><strong><em>τῆν</em></strong></span> <span class='ocrx_word' id='word_1_33' title='bbox 1441 883 1643 975; x_wconf 77' lang='grc' dir='ltr'><strong><em>χρόαν</em></strong></span> <span class='ocrx_word' id='word_1_34' title='bbox 1694 884 2117 972; x_wconf 77' lang='grc' dir='ltr'><strong><em>μιμούμενος</em></strong></span> <span class='ocrx_word' id='word_1_35' title='bbox 2173 887 2295 973; x_wconf 80' lang='grc' dir='ltr'><strong><em>τήν</em></strong></span> <span class='ocrx_word' id='word_1_36' title='bbox 2352 889 2622 974; x_wconf 78' lang='grc' dir='ltr'><strong><em>πέτραν,</em></strong></span> 
     </span>
     <span class='ocr_line' id='line_1_6' title="bbox 552 988 2629 1080; baseline 0 -23"><span class='ocrx_word' id='word_1_37' title='bbox 552 990 636 1066; x_wconf 84' lang='grc' dir='ltr'><strong><em>ὡς</em></strong></span> <span class='ocrx_word' id='word_1_38' title='bbox 691 991 776 1057; x_wconf 79' lang='grc' dir='ltr'><strong><em>ἂν</em></strong></span> <span class='ocrx_word' id='word_1_39' title='bbox 830 990 1010 1078; x_wconf 82' lang='grc' dir='ltr'><strong><em>λάθῃ</em></strong></span> <span class='ocrx_word' id='word_1_40' title='bbox 1068 988 1223 1065; x_wconf 79' lang='grc' dir='ltr'><strong><em>τούς</em></strong></span> <span class='ocrx_word' id='word_1_41' title='bbox 1280 989 1493 1065; x_wconf 78' lang='grc' dir='ltr'><strong><em>ἁλιέας</em></strong></span> <span class='ocrx_word' id='word_1_42' title='bbox 1551 989 1648 1080; x_wconf 74' lang='grc' dir='ltr'><strong><em>μή</em></strong></span> <span class='ocrx_word' id='word_1_43' title='bbox 1698 988 2090 1057; x_wconf 78' lang='grc' dir='ltr'><strong><em>διαλλάττων</em></strong></span> <span class='ocrx_word' id='word_1_44' title='bbox 2131 990 2307 1075; x_wconf 78' lang='grc' dir='ltr'><strong><em>μηδὲ</em></strong></span> <span class='ocrx_word' id='word_1_45' title='bbox 2349 989 2629 1077; x_wconf 82' lang='grc' dir='ltr'><strong><em>φανερὸς</em></strong></span> 
     </span>
     <span class='ocr_line' id='line_1_7' title="bbox 554 1088 2627 1181; baseline 0 -20"><span class='ocrx_word' id='word_1_46' title='bbox 554 1094 644 1161; x_wconf 72' lang='grc' dir='ltr'><strong><em>ω”ν</em></strong></span> <span class='ocrx_word' id='word_1_47' title='bbox 708 1093 813 1161; x_wconf 74' lang='grc' dir='ltr'><strong><em>διὰ</em></strong></span> <span class='ocrx_word' id='word_1_48' title='bbox 849 1088 1101 1174; x_wconf 69' lang='grc' dir='ltr'><strong><em>τοῦτο,</em></strong></span> <span class='ocrx_word' id='word_1_49' title='bbox 1176 1093 1301 1160; x_wconf 79' lang='grc' dir='ltr'><strong><em>ἀλλ’</em></strong></span> <span class='ocrx_word' id='word_1_50' title='bbox 1374 1091 1592 1170; x_wconf 74' lang='grc' dir='ltr'><strong><em>ἐοικώς</em></strong></span> <span class='ocrx_word' id='word_1_51' title='bbox 1657 1100 1744 1180; x_wconf 79' lang='grc' dir='ltr'><strong><em>τῷ</em></strong></span> <span class='ocrx_word' id='word_1_52' title='bbox 1809 1093 1996 1181; x_wconf 79' lang='grc' dir='ltr'><strong><em>λίθῳ.</em></strong></span> <span class='ocrx_word' id='word_1_53' title='bbox 2137 1096 2383 1162; x_wconf 89' lang='grc' dir='ltr'><strong>ΜΕΝ.</strong></span> <span class='ocrx_word' id='word_1_54' title='bbox 2468 1096 2627 1181; x_wconf 80' lang='grc' dir='ltr'><strong><em>φασὶ</em></strong></span> 
     </span>
     <span class='ocr_line' id='line_1_8' title="bbox 549 1195 2620 1286; baseline 0 -22"><span class='ocrx_word' id='word_1_55' title='bbox 549 1206 783 1264; x_wconf 84' lang='grc' dir='ltr'><strong><em>ταῦτα·</em></strong></span> <span class='ocrx_word' id='word_1_56' title='bbox 858 1197 932 1264; x_wconf 81' lang='grc' dir='ltr'><strong><em>τὸ</em></strong></span> <span class='ocrx_word' id='word_1_57' title='bbox 1002 1197 1072 1264; x_wconf 79' lang='grc' dir='ltr'><strong><em>δὲ</em></strong></span> <span class='ocrx_word' id='word_1_58' title='bbox 1141 1196 1261 1265; x_wconf 85' lang='grc' dir='ltr'><strong><em>σὸν</em></strong></span> <span class='ocrx_word' id='word_1_59' title='bbox 1317 1200 1530 1286; x_wconf 78' lang='grc' dir='ltr'><strong><em>πολλῷ</em></strong></span> <span class='ocrx_word' id='word_1_60' title='bbox 1592 1195 2146 1284; x_wconf 73' lang='grc' dir='ltr'><strong><em>παραδοξότερον,</em></strong></span> <span class='ocrx_word' id='word_1_61' title='bbox 2220 1195 2268 1265; x_wconf 83' lang='grc' dir='ltr'><em>ὦ</em></span> <span class='ocrx_word' id='word_1_62' title='bbox 2324 1199 2620 1285; x_wconf 79' lang='grc' dir='ltr'><strong><em>Πρωτεῦ.</em></strong></span> 
     </span>
     <span class='ocr_line' id='line_1_9' title="bbox 550 1297 2627 1389; baseline 0 -21"><span class='ocrx_word' id='word_1_63' title='bbox 550 1301 856 1370; x_wconf 74' lang='grc' dir='ltr'><strong><em>ΠΡΩΤ.</em></strong></span> <span class='ocrx_word' id='word_1_64' title='bbox 930 1301 1045 1368; x_wconf 85' lang='grc' dir='ltr'><strong><em>οὐκ</em></strong></span> <span class='ocrx_word' id='word_1_65' title='bbox 1107 1300 1277 1381; x_wconf 79' lang='grc' dir='ltr'><strong><em>οἶδα,</em></strong></span> <span class='ocrx_word' id='word_1_66' title='bbox 1351 1297 1399 1368; x_wconf 83' lang='grc' dir='ltr'><strong><em>ὦ</em></strong></span> <span class='ocrx_word' id='word_1_67' title='bbox 1445 1303 1766 1380; x_wconf 77' lang='grc' dir='ltr'><strong><em>Μενέλαε,</em></strong></span> <span class='ocrx_word' id='word_1_68' title='bbox 1837 1301 1963 1368; x_wconf 81' lang='grc' dir='ltr'><strong><em>τίνι</em></strong></span> <span class='ocrx_word' id='word_1_69' title='bbox 2024 1300 2109 1370; x_wconf 78' lang='grc' dir='ltr'><strong><em>ἂν</em></strong></span> <span class='ocrx_word' id='word_1_70' title='bbox 2154 1301 2316 1389; x_wconf 79' lang='grc' dir='ltr'><strong><em>ἄλλῳ</em></strong></span> <span class='ocrx_word' id='word_1_71' title='bbox 2360 1301 2627 1369; x_wconf 83' lang='grc' dir='ltr'><strong><em>πιστεύ-</em></strong></span> 
     </span>
     <span class='ocr_line' id='line_1_10' title="bbox 553 1404 2620 1492; baseline -0 -19"><span class='ocrx_word' id='word_1_72' title='bbox 553 1431 749 1485; x_wconf 87' lang='grc' dir='ltr'><strong><em>σειας,</em></strong></span> <span class='ocrx_word' id='word_1_73' title='bbox 799 1419 938 1481; x_wconf 81' lang='grc' dir='ltr'><strong><em>τοῖς</em></strong></span> <span class='ocrx_word' id='word_1_74' title='bbox 983 1412 1256 1474; x_wconf 82' lang='grc' dir='ltr'><strong><em>σεαυτοῦ</em></strong></span> <span class='ocrx_word' id='word_1_75' title='bbox 1306 1404 1683 1492; x_wconf 74' lang='grc' dir='ltr'><strong><em>ὀφθαλμοῖς</em></strong></span> <span class='ocrx_word' id='word_1_76' title='bbox 1728 1404 2041 1473; x_wconf 81' lang='grc' dir='ltr'><strong><em>ἀπιστῶν.</em></strong></span> <span class='ocrx_word' id='word_1_77' title='bbox 2121 1407 2368 1473; x_wconf 86' lang='grc' dir='ltr'><em>ΜΕΝ.</em></span> <span class='ocrx_word' id='word_1_78' title='bbox 2421 1405 2620 1473; x_wconf 78' lang='grc' dir='ltr'><strong><em>εἶδον·</em></strong></span> 
     </span>
    </p>
   </div>
   <div class='ocr_carea' id='block_1_3' title="bbox 548 1583 963 1595">
    <p class='ocr_par' dir='ltr' id='par_1_3' title="bbox 548 1583 963 1595">
     <span class='ocr_line' id='line_1_11' title="bbox 548 1583 963 1595; baseline 0 0"><span class='ocrx_word' id='word_1_79' title='bbox 548 1583 963 1595; x_wconf 95' lang='lat' dir='ltr'><strong><em> </em></strong></span> 
     </span>
    </p>
   </div>
   <div class='ocr_carea' id='block_1_4' title="bbox 547 1663 2626 2001">
    <p class='ocr_par' dir='ltr' id='par_1_4' title="bbox 547 1663 2626 2001">
     <span class='ocr_line' id='line_1_12' title="bbox 687 1663 2625 1736; baseline 0.001 -16"><span class='ocrx_word' id='word_1_80' title='bbox 687 1671 736 1723; x_wconf 87' lang='lat'><strong><em>3.</em></strong></span> <span class='ocrx_word' id='word_1_81' title='bbox 810 1666 908 1724; x_wconf 82' lang='grc' dir='ltr'><strong><em>τὰς</em></strong></span> <span class='ocrx_word' id='word_1_82' title='bbox 943 1663 1239 1724; x_wconf 88' lang='grc' dir='ltr'><strong><em>σκυτάλλας</em></strong></span> <span class='ocrx_word' id='word_1_83' title='bbox 1272 1667 1338 1730; x_wconf 93' lang='grc' dir='ltr'><strong><em>Β,</em></strong></span> <span class='ocrx_word' id='word_1_84' title='bbox 1389 1665 1488 1724; x_wconf 85' lang='grc' dir='ltr'><strong><em>τὰς</em></strong></span> <span class='ocrx_word' id='word_1_85' title='bbox 1522 1663 1753 1724; x_wconf 84' lang='grc' dir='ltr'><strong><em>κοτύλας</em></strong></span> <span class='ocrx_word' id='word_1_86' title='bbox 1797 1667 1992 1722; x_wconf 75' lang='lat' dir='ltr'><strong>caeteri</strong></span> <span class='ocrx_word' id='word_1_87' title='bbox 2036 1667 2163 1721; x_wconf 81' lang='lat' dir='ltr'>libri</span> <span class='ocrx_word' id='word_1_88' title='bbox 2204 1664 2372 1735; x_wconf 57' lang='lat' dir='ltr'><strong>(QIAF</strong></span> <span class='ocrx_word' id='word_1_89' title='bbox 2407 1665 2625 1736; x_wconf 70' lang='lat' dir='ltr'><strong>diserte)</strong></span> 
     </span>
     <span class='ocr_line' id='line_1_13' title="bbox 549 1752 2626 1825; baseline -0.001 -16"><span class='ocrx_word' id='word_1_90' title='bbox 549 1757 605 1809; x_wconf 79' lang='lat' dir='ltr'><strong>et</strong></span> <span class='ocrx_word' id='word_1_91' title='bbox 637 1773 683 1808; x_wconf 85' lang='lat' dir='ltr'><strong><em>v.</em></strong></span> <span class='ocrx_word' id='word_1_92' title='bbox 834 1753 1091 1822; x_wconf 83' lang='grc' dir='ltr'><strong><em>προσφὺς</em></strong></span> <span class='ocrx_word' id='word_1_93' title='bbox 1139 1752 1350 1823; x_wconf 75' lang='grc' dir='ltr'><strong><em>ἔχηται]</em></strong></span> <span class='ocrx_word' id='word_1_94' title='bbox 1398 1756 1742 1823; x_wconf 74' lang='grc' dir='ltr'><strong><em>προσέχηται</em></strong></span> <span class='ocrx_word' id='word_1_95' title='bbox 1784 1756 1851 1806; x_wconf 83' lang='grc' dir='ltr'><strong><em>Ω.</em></strong></span> <span class='ocrx_word' id='word_1_96' title='bbox 1924 1756 2135 1825; x_wconf 77' lang='lat' dir='ltr'><strong>praeter</strong></span> <span class='ocrx_word' id='word_1_97' title='bbox 2177 1753 2322 1818; x_wconf 74' lang='lat' dir='ltr'><strong>hunc</strong></span> <span class='ocrx_word' id='word_1_98' title='bbox 2367 1770 2532 1808; x_wconf 85' lang='lat' dir='ltr'><strong>unum</strong></span> <span class='ocrx_word' id='word_1_99' title='bbox 2574 1755 2626 1805; x_wconf 82' lang='grc' dir='ltr'><strong>Ω</strong></span> 
     </span>
     <span class='ocr_line' id='line_1_14' title="bbox 548 1837 2624 1910; baseline -0 -15"><span class='ocrx_word' id='word_1_100' title='bbox 548 1842 742 1896; x_wconf 78' lang='lat' dir='ltr'><strong>caeteri</strong></span> <span class='ocrx_word' id='word_1_101' title='bbox 775 1841 902 1895; x_wconf 85' lang='lat' dir='ltr'>libri</span> <span class='ocrx_word' id='word_1_102' title='bbox 936 1842 1042 1895; x_wconf 82' lang='lat' dir='ltr'><strong>sic:</strong></span> <span class='ocrx_word' id='word_1_103' title='bbox 1076 1840 1334 1909; x_wconf 75' lang='grc' dir='ltr'><strong><em>προσφὺς</em></strong></span> <span class='ocrx_word' id='word_1_104' title='bbox 1369 1839 1560 1907; x_wconf 74' lang='grc' dir='ltr'><strong><em>ἔχηται</em></strong></span> <span class='ocrx_word' id='word_1_105' title='bbox 1596 1840 1735 1894; x_wconf 82' lang='grc' dir='ltr'><strong><em>κατὰ</em></strong></span> <span class='ocrx_word' id='word_1_106' title='bbox 1770 1840 1870 1899; x_wconf 81' lang='grc' dir='ltr'><strong><em>τὰς</em></strong></span> <span class='ocrx_word' id='word_1_107' title='bbox 1903 1837 2223 1898; x_wconf 76' lang='grc' dir='ltr'><strong><em>πλεκτάνας.</em></strong></span> <span class='ocrx_word' id='word_1_108' title='bbox 2296 1856 2392 1909; x_wconf 86' lang='lat' dir='ltr'><strong>pro</strong></span> <span class='ocrx_word' id='word_1_109' title='bbox 2421 1840 2507 1894; x_wconf 83' lang='lat' dir='ltr'><strong><em>his</em></strong></span> <span class='ocrx_word' id='word_1_110' title='bbox 2528 1857 2624 1910; x_wconf 81' lang='lat' dir='ltr'><strong><em>ego</em></strong></span> 
     </span>
     <span class='ocr_line' id='line_1_15' title="bbox 547 1923 2624 2001; baseline 0 -19"><span class='ocrx_word' id='word_1_111' title='bbox 547 1944 716 1982; x_wconf 79' lang='lat' dir='ltr'><strong>meam</strong></span> <span class='ocrx_word' id='word_1_112' title='bbox 750 1927 1107 1996; x_wconf 76' lang='lat' dir='ltr'><strong>conjecturam</strong></span> <span class='ocrx_word' id='word_1_113' title='bbox 1140 1928 1339 1998; x_wconf 80' lang='lat' dir='ltr'><strong>recepi:</strong></span> <span class='ocrx_word' id='word_1_114' title='bbox 1385 1927 1643 1996; x_wconf 75' lang='grc' dir='ltr'><strong><em>προσφὺς</em></strong></span> <span class='ocrx_word' id='word_1_115' title='bbox 1676 1930 1873 2001; x_wconf 78' lang='grc' dir='ltr'><strong><em>κατέχῃ</em></strong></span> <span class='ocrx_word' id='word_1_116' title='bbox 1910 1927 2031 1985; x_wconf 78' lang='grc' dir='ltr'><strong><em>ταῖς</em></strong></span> <span class='ocrx_word' id='word_1_117' title='bbox 2063 1923 2409 1984; x_wconf 76' lang='grc' dir='ltr'><strong><em>πλεκτάναις.</em></strong></span> <span class='ocrx_word' id='word_1_118' title='bbox 2484 1943 2624 1981; x_wconf 84' lang='lat' dir='ltr'><strong>erro-</strong></span> 
     </span>
    </p>
   </div>
   <div class='ocr_carea' id='block_1_5' title="bbox 546 2033 2625 2153">
    <p class='ocr_par' dir='ltr' id='par_1_5' title="bbox 546 2033 2625 2153">
     <span class='ocr_line' id='line_1_16' title="bbox 1418 2033 1647 2068; baseline 0 -2"><span class='ocrx_word' id='word_1_119' title='bbox 1418 2033 1521 2068; x_wconf 67' lang='grc' dir='ltr'><strong><em>κατ</em></strong></span> <span class='ocrx_word' id='word_1_120' title='bbox 1555 2033 1647 2067; x_wconf 70' lang='grc' dir='ltr'><strong><em>’ται</em></strong></span> 
     </span>
     <span class='ocr_line' id='line_1_17' title="bbox 546 2034 2625 2153; baseline -0.001 -15"><span class='ocrx_word' id='word_1_121' title='bbox 546 2101 659 2138; x_wconf 87' lang='lat' dir='ltr'><strong>rem</strong></span> <span class='ocrx_word' id='word_1_122' title='bbox 694 2082 989 2153; x_wconf 72' lang='lat' dir='ltr'><strong>scripturae</strong></span> <span class='ocrx_word' id='word_1_123' title='bbox 1036 2083 1114 2137; x_wconf 89' lang='lat' dir='ltr'><strong>sic</strong></span> <span class='ocrx_word' id='word_1_124' title='bbox 1149 2083 1378 2153; x_wconf 85' lang='lat' dir='ltr'><strong>explico:</strong></span> <span class='ocrx_word' id='word_1_125' title='bbox 1424 2104 1513 2150; x_wconf 82' lang='grc' dir='ltr'><strong><em>εχη</em></strong></span> <span class='ocrx_word' id='word_1_126' title='bbox 1565 2034 1677 2142; x_wconf 53' lang='grc' dir='ltr'><strong><em>τάξ</em></strong></span> <span class='ocrx_word' id='word_1_127' title='bbox 1698 2080 1788 2136; x_wconf 88' lang='grc' dir='ltr'><strong><em>πλ.</em></strong></span> <span class='ocrx_word' id='word_1_128' title='bbox 1841 2100 1902 2138; x_wconf 89' lang='lat' dir='ltr'><strong><em>ac</em></strong></span> <span class='ocrx_word' id='word_1_129' title='bbox 1946 2084 2012 2138; x_wconf 88' lang='lat' dir='ltr'><strong><em>de</em></strong></span> <span class='ocrx_word' id='word_1_130' title='bbox 2057 2083 2221 2137; x_wconf 85' lang='lat' dir='ltr'>simili</span> <span class='ocrx_word' id='word_1_131' title='bbox 2265 2100 2324 2137; x_wconf 88' lang='lat' dir='ltr'><strong>re</strong></span> <span class='ocrx_word' id='word_1_132' title='bbox 2368 2082 2625 2153; x_wconf 88' lang='lat' dir='ltr'><strong>scriptum</strong></span> 
     </span>
    </p>
   </div>
   <div class='ocr_carea' id='block_1_6' title="bbox 542 2169 2650 4400">
    <p class='ocr_par' dir='ltr' id='par_1_6' title="bbox 542 2169 2650 4226">
     <span class='ocr_line' id='line_1_18' title="bbox 549 2169 2623 2239; baseline -0 -15"><span class='ocrx_word' id='word_1_133' title='bbox 549 2173 633 2224; x_wconf 89' lang='lat' dir='ltr'><strong>est</strong></span> <span class='ocrx_word' id='word_1_134' title='bbox 677 2169 736 2222; x_wconf 88' lang='lat' dir='ltr'><strong><em>in</em></strong></span> <span class='ocrx_word' id='word_1_135' title='bbox 769 2170 986 2224; x_wconf 86' lang='lat' dir='ltr'><strong>Muscae</strong></span> <span class='ocrx_word' id='word_1_136' title='bbox 1019 2170 1234 2225; x_wconf 85' lang='lat' dir='ltr'><strong>Encom.</strong></span> <span class='ocrx_word' id='word_1_137' title='bbox 1269 2173 1330 2225; x_wconf 83' lang='lat'><strong><em>3:</em></strong></span> <span class='ocrx_word' id='word_1_138' title='bbox 1381 2169 1686 2239; x_wconf 75' lang='grc' dir='ltr'><strong><em>προσφῦσα</em></strong></span> <span class='ocrx_word' id='word_1_139' title='bbox 1732 2173 1964 2236; x_wconf 78' lang='grc' dir='ltr'><strong><em>κατέχει.</em></strong></span> <span class='ocrx_word' id='word_1_140' title='bbox 2039 2170 2181 2239; x_wconf 86' lang='lat' dir='ltr'><strong>quod</strong></span> <span class='ocrx_word' id='word_1_141' title='bbox 2224 2170 2401 2224; x_wconf 88' lang='lat' dir='ltr'><strong>autem</strong></span> <span class='ocrx_word' id='word_1_142' title='bbox 2443 2169 2623 2223; x_wconf 86' lang='lat' dir='ltr'><strong>Mene-</strong></span> 
     </span>
     <span class='ocr_line' id='line_1_19' title="bbox 546 2255 2623 2327; baseline -0.002 -16"><span class='ocrx_word' id='word_1_143' title='bbox 546 2257 662 2311; x_wconf 87' lang='lat' dir='ltr'><strong>laus</strong></span> <span class='ocrx_word' id='word_1_144' title='bbox 697 2258 943 2310; x_wconf 84' lang='lat' dir='ltr'><strong>naturam</strong></span> <span class='ocrx_word' id='word_1_145' title='bbox 973 2256 1156 2326; x_wconf 85' lang='lat' dir='ltr'>polypi</span> <span class='ocrx_word' id='word_1_146' title='bbox 1191 2273 1249 2310; x_wconf 87' lang='lat' dir='ltr'><strong><em>se</em></strong></span> <span class='ocrx_word' id='word_1_147' title='bbox 1282 2273 1439 2312; x_wconf 85' lang='lat' dir='ltr'><strong>nosse</strong></span> <span class='ocrx_word' id='word_1_148' title='bbox 1472 2257 1701 2327; x_wconf 86' lang='lat' dir='ltr'><strong>negavit,</strong></span> <span class='ocrx_word' id='word_1_149' title='bbox 1737 2257 1855 2311; x_wconf 88' lang='lat' dir='ltr'><strong>ideo</strong></span> <span class='ocrx_word' id='word_1_150' title='bbox 1889 2257 1980 2311; x_wconf 87' lang='lat' dir='ltr'><strong>hic</strong></span> <span class='ocrx_word' id='word_1_151' title='bbox 2015 2257 2168 2327; x_wconf 89' lang='lat' dir='ltr'><strong>copia</strong></span> <span class='ocrx_word' id='word_1_152' title='bbox 2201 2255 2457 2309; x_wconf 87' lang='lat' dir='ltr'><strong>orationis</strong></span> <span class='ocrx_word' id='word_1_153' title='bbox 2492 2269 2623 2324; x_wconf 87' lang='lat' dir='ltr'><strong>opus</strong></span> 
     </span>
     <span class='ocr_line' id='line_1_20' title="bbox 548 2338 2622 2413; baseline -0.001 -16"><span class='ocrx_word' id='word_1_154' title='bbox 548 2346 664 2397; x_wconf 85' lang='lat' dir='ltr'><strong>erat</strong></span> <span class='ocrx_word' id='word_1_155' title='bbox 694 2345 752 2397; x_wconf 88' lang='lat' dir='ltr'><strong>et</strong></span> <span class='ocrx_word' id='word_1_156' title='bbox 782 2343 1049 2397; x_wconf 86' lang='lat' dir='ltr'><strong>mentione</strong></span> <span class='ocrx_word' id='word_1_157' title='bbox 1095 2359 1257 2413; x_wconf 89' lang='lat' dir='ltr'><strong>quum</strong></span> <span class='ocrx_word' id='word_1_158' title='bbox 1289 2344 1685 2399; x_wconf 76' lang='lat' dir='ltr'><strong>acetabulorum</strong></span> <span class='ocrx_word' id='word_1_159' title='bbox 1729 2346 1848 2398; x_wconf 87' lang='lat' dir='ltr'><strong>tum</strong></span> <span class='ocrx_word' id='word_1_160' title='bbox 1892 2344 2052 2399; x_wconf 82' lang='lat' dir='ltr'><strong>etiam</strong></span> <span class='ocrx_word' id='word_1_161' title='bbox 2095 2342 2464 2398; x_wconf 76' lang='lat' dir='ltr'><strong>bracchiorum</strong></span> <span class='ocrx_word' id='word_1_162' title='bbox 2498 2338 2622 2408; x_wconf 87' lang='lat' dir='ltr'><strong>(cir-</strong></span> 
     </span>
     <span class='ocr_line' id='line_1_21' title="bbox 545 2424 2625 2501; baseline 0 -19"><span class='ocrx_word' id='word_1_163' title='bbox 545 2427 759 2497; x_wconf 88' lang='lat' dir='ltr'><strong>rorum).</strong></span> <span class='ocrx_word' id='word_1_164' title='bbox 831 2429 925 2483; x_wconf 88' lang='lat' dir='ltr'><strong><em>sed</em></strong></span> <span class='ocrx_word' id='word_1_165' title='bbox 968 2428 1404 2485; x_wconf 82' lang='lat' dir='ltr'><strong>Hemsterhusius</strong></span> <span class='ocrx_word' id='word_1_166' title='bbox 1452 2447 1615 2501; x_wconf 91' lang='lat' dir='ltr'><strong>quum</strong></span> <span class='ocrx_word' id='word_1_167' title='bbox 1659 2431 1719 2484; x_wconf 88' lang='lat' dir='ltr'><strong><em>in</em></strong></span> <span class='ocrx_word' id='word_1_168' title='bbox 1762 2430 1937 2485; x_wconf 87' lang='lat' dir='ltr'><strong>verbis</strong></span> <span class='ocrx_word' id='word_1_169' title='bbox 1989 2428 2131 2483; x_wconf 80' lang='grc' dir='ltr'><strong><em>κατὰ</em></strong></span> <span class='ocrx_word' id='word_1_170' title='bbox 2178 2427 2277 2485; x_wconf 80' lang='grc' dir='ltr'><strong><em>τὰς</em></strong></span> <span class='ocrx_word' id='word_1_171' title='bbox 2320 2424 2625 2483; x_wconf 79' lang='grc' dir='ltr'><strong><em>πλεκτάνας</em></strong></span> 
     </span>
     <span class='ocr_line' id='line_1_22' title="bbox 548 2513 2622 2583; baseline -0.001 -14"><span class='ocrx_word' id='word_1_172' title='bbox 548 2518 870 2570; x_wconf 77' lang='lat' dir='ltr'><strong>structuram</strong></span> <span class='ocrx_word' id='word_1_173' title='bbox 900 2515 1138 2569; x_wconf 86' lang='lat' dir='ltr'><strong>laborare</strong></span> <span class='ocrx_word' id='word_1_174' title='bbox 1186 2514 1424 2581; x_wconf 83' lang='lat' dir='ltr'><strong>vidisset,</strong></span> <span class='ocrx_word' id='word_1_175' title='bbox 1471 2517 1633 2571; x_wconf 89' lang='lat' dir='ltr'><strong>hasce</strong></span> <span class='ocrx_word' id='word_1_176' title='bbox 1676 2532 1830 2571; x_wconf 87' lang='lat' dir='ltr'><strong>voces</strong></span> <span class='ocrx_word' id='word_1_177' title='bbox 1876 2516 2046 2571; x_wconf 86' lang='lat' dir='ltr'><strong>voluit</strong></span> <span class='ocrx_word' id='word_1_178' title='bbox 2091 2515 2290 2570; x_wconf 87' lang='lat' dir='ltr'><strong>deletas</strong></span> <span class='ocrx_word' id='word_1_179' title='bbox 2326 2513 2622 2583; x_wconf 79' lang='lat' dir='ltr'><strong>delevitque</strong></span> 
     </span>
     <span class='ocr_line' id='line_1_23' title="bbox 547 2596 2623 2672; baseline 0 -16"><span class='ocrx_word' id='word_1_180' title='bbox 547 2618 716 2672; x_wconf 85' lang='lat' dir='ltr'><strong>nuper</strong></span> <span class='ocrx_word' id='word_1_181' title='bbox 747 2601 1037 2657; x_wconf 88' lang='lat' dir='ltr'><strong>Bekkerus.</strong></span> <span class='ocrx_word' id='word_1_182' title='bbox 1109 2601 1171 2656; x_wconf 89' lang='lat' dir='ltr'><strong><em>hi</em></strong></span> <span class='ocrx_word' id='word_1_183' title='bbox 1215 2601 1384 2671; x_wconf 85' lang='lat' dir='ltr'><strong>igitur</strong></span> <span class='ocrx_word' id='word_1_184' title='bbox 1431 2602 1695 2658; x_wconf 84' lang='lat' dir='ltr'><strong>duumviri</strong></span> <span class='ocrx_word' id='word_1_185' title='bbox 1740 2602 1820 2658; x_wconf 86' lang='lat' dir='ltr'><strong><em>ita</em></strong></span> <span class='ocrx_word' id='word_1_186' title='bbox 1866 2602 1974 2672; x_wconf 85' lang='lat' dir='ltr'><strong>legi</strong></span> <span class='ocrx_word' id='word_1_187' title='bbox 2019 2602 2292 2658; x_wconf 72' lang='lat' dir='ltr'><strong>volebante</strong></span> <span class='ocrx_word' id='word_1_188' title='bbox 2341 2599 2474 2670; x_wconf 78' lang='grc' dir='ltr'><strong><em>ἁρμ.</em></strong></span> <span class='ocrx_word' id='word_1_189' title='bbox 2525 2596 2623 2657; x_wconf 78' lang='grc' dir='ltr'><strong><em>τὰς</em></strong></span> 
     </span>
     <span class='ocr_line' id='line_1_24' title="bbox 547 2684 2621 2762; baseline 0.002 -23"><span class='ocrx_word' id='word_1_190' title='bbox 547 2684 777 2745; x_wconf 83' lang='grc' dir='ltr'><strong><em>κοτύλας</em></strong></span> <span class='ocrx_word' id='word_1_191' title='bbox 812 2694 904 2741; x_wconf 77' lang='grc' dir='ltr'><strong><em>καὶ</em></strong></span> <span class='ocrx_word' id='word_1_192' title='bbox 938 2686 1194 2757; x_wconf 84' lang='grc' dir='ltr'><strong><em>προσφὺς</em></strong></span> <span class='ocrx_word' id='word_1_193' title='bbox 1229 2688 1435 2756; x_wconf 76' lang='grc' dir='ltr'><strong><em>ἔχηται,</em></strong></span> <span class='ocrx_word' id='word_1_194' title='bbox 1476 2687 1656 2762; x_wconf 76' lang='grc' dir='ltr'><strong><em>ἐκείνῃ</em></strong></span> <span class='ocrx_word' id='word_1_195' title='bbox 1678 2718 1764 2742; x_wconf 84' lang='lat'><strong>—-·.</strong></span> <span class='ocrx_word' id='word_1_196' title='bbox 1839 2693 1896 2745; x_wconf 83' lang='lat' dir='ltr'><strong><em>at</em></strong></span> <span class='ocrx_word' id='word_1_197' title='bbox 1929 2690 2161 2745; x_wconf 79' lang='lat' dir='ltr'><strong>Cobetus</strong></span> <span class='ocrx_word' id='word_1_198' title='bbox 2195 2690 2254 2744; x_wconf 83' lang='lat' dir='ltr'><strong><em>in</em></strong></span> <span class='ocrx_word' id='word_1_199' title='bbox 2280 2689 2346 2743; x_wconf 90' lang='lat' dir='ltr'><strong><em>V.</em></strong></span> <span class='ocrx_word' id='word_1_200' title='bbox 2365 2688 2426 2742; x_wconf 89' lang='lat' dir='ltr'><strong><em>L.</em></strong></span> <span class='ocrx_word' id='word_1_201' title='bbox 2446 2705 2498 2757; x_wconf 88' lang='lat' dir='ltr'><strong><em>p.</em></strong></span> <span class='ocrx_word' id='word_1_202' title='bbox 2518 2688 2621 2744; x_wconf 81' lang='grc'><strong><em>228</em></strong></span> 
     </span>
     <span class='ocr_line' id='line_1_25' title="bbox 549 2771 2616 2845; baseline -0.001 -16"><span class='ocrx_word' id='word_1_203' title='bbox 549 2775 677 2830; x_wconf 79' lang='lat' dir='ltr'><strong>duas</strong></span> <span class='ocrx_word' id='word_1_204' title='bbox 713 2775 843 2829; x_wconf 83' lang='lat' dir='ltr'><strong>alias</strong></span> <span class='ocrx_word' id='word_1_205' title='bbox 878 2776 1031 2845; x_wconf 86' lang='lat' dir='ltr'><strong>ponit</strong></span> <span class='ocrx_word' id='word_1_206' title='bbox 1064 2775 1410 2845; x_wconf 84' lang='lat' dir='ltr'><strong>conjecturas,</strong></span> <span class='ocrx_word' id='word_1_207' title='bbox 1444 2777 1666 2832; x_wconf 87' lang='lat' dir='ltr'><strong>alteram</strong></span> <span class='ocrx_word' id='word_1_208' title='bbox 1700 2777 1790 2831; x_wconf 88' lang='lat' dir='ltr'><strong>cui</strong></span> <span class='ocrx_word' id='word_1_209' title='bbox 1822 2793 1929 2832; x_wconf 89' lang='lat' dir='ltr'><strong><em>non</em></strong></span> <span class='ocrx_word' id='word_1_210' title='bbox 1962 2777 2191 2832; x_wconf 89' lang='lat' dir='ltr'><strong>multum</strong></span> <span class='ocrx_word' id='word_1_211' title='bbox 2224 2775 2445 2829; x_wconf 80' lang='lat' dir='ltr'><strong>tribuit:</strong></span> <span class='ocrx_word' id='word_1_212' title='bbox 2485 2771 2616 2842; x_wconf 78' lang='grc' dir='ltr'><strong><em>ἁρμ.</em></strong></span> 
     </span>
     <span class='ocr_line' id='line_1_26' title="bbox 546 2857 2619 2936; baseline 0 -23"><span class='ocrx_word' id='word_1_213' title='bbox 546 2859 644 2917; x_wconf 81' lang='grc' dir='ltr'><strong><em>τὰς</em></strong></span> <span class='ocrx_word' id='word_1_214' title='bbox 685 2857 990 2918; x_wconf 73' lang='grc' dir='ltr'><strong><em>πλεκτάνας</em></strong></span> <span class='ocrx_word' id='word_1_215' title='bbox 1041 2868 1135 2915; x_wconf 85' lang='grc' dir='ltr'><strong><em>καὶ</em></strong></span> <span class='ocrx_word' id='word_1_216' title='bbox 1179 2860 1436 2931; x_wconf 76' lang='grc' dir='ltr'><strong><em>προσφὺς</em></strong></span> <span class='ocrx_word' id='word_1_217' title='bbox 1478 2862 1686 2929; x_wconf 77' lang='grc' dir='ltr'><strong><em>ἔχηται,</em></strong></span> <span class='ocrx_word' id='word_1_218' title='bbox 1736 2860 1914 2936; x_wconf 81' lang='grc' dir='ltr'><strong><em>ἐκείνῃ</em></strong></span> <span class='ocrx_word' id='word_1_219' title='bbox 1965 2892 2051 2926; x_wconf 89' lang='grc'><strong><em>-,</em></strong></span> <span class='ocrx_word' id='word_1_220' title='bbox 2109 2863 2328 2921; x_wconf 75' lang='lat' dir='ltr'><strong>alteram</strong></span> <span class='ocrx_word' id='word_1_221' title='bbox 2374 2877 2508 2931; x_wconf 75' lang='lat' dir='ltr'><strong>quae</strong></span> <span class='ocrx_word' id='word_1_222' title='bbox 2554 2861 2619 2914; x_wconf 82' lang='lat' dir='ltr'><strong>ab</strong></span> 
     </span>
     <span class='ocr_line' id='line_1_27' title="bbox 546 2944 2623 3019; baseline -0.002 -17"><span class='ocrx_word' id='word_1_223' title='bbox 546 2947 818 3003; x_wconf 85' lang='lat' dir='ltr'><strong>Dindorfio</strong></span> <span class='ocrx_word' id='word_1_224' title='bbox 862 2951 1075 3019; x_wconf 74' lang='lat' dir='ltr'><strong>recepta</strong></span> <span class='ocrx_word' id='word_1_225' title='bbox 1120 2951 1206 3004; x_wconf 69' lang='lat' dir='ltr'><strong><em>est</em></strong></span> <span class='ocrx_word' id='word_1_226' title='bbox 1246 2949 1412 3003; x_wconf 82' lang='lat' dir='ltr'><strong>hanc:</strong></span> <span class='ocrx_word' id='word_1_227' title='bbox 1467 2946 1602 3017; x_wconf 80' lang='grc' dir='ltr'><strong><em>άρμ.</em></strong></span> <span class='ocrx_word' id='word_1_228' title='bbox 1657 2947 1757 3006; x_wconf 80' lang='grc' dir='ltr'><strong><em>τὰς</em></strong></span> <span class='ocrx_word' id='word_1_229' title='bbox 1800 2944 2172 3016; x_wconf 74' lang='grc' dir='ltr'><strong><em>κοτυληδόνας</em></strong></span> <span class='ocrx_word' id='word_1_230' title='bbox 2222 2955 2316 3001; x_wconf 78' lang='grc' dir='ltr'><strong><em>καὶ</em></strong></span> <span class='ocrx_word' id='word_1_231' title='bbox 2366 2945 2623 3016; x_wconf 87' lang='grc' dir='ltr'><strong><em>προσφὺς</em></strong></span> 
     </span>
     <span class='ocr_line' id='line_1_28' title="bbox 547 3030 2618 3108; baseline -0.001 -21"><span class='ocrx_word' id='word_1_232' title='bbox 547 3034 754 3101; x_wconf 72' lang='grc' dir='ltr'><strong><em>ἔχηται,</em></strong></span> <span class='ocrx_word' id='word_1_233' title='bbox 795 3033 973 3108; x_wconf 75' lang='grc' dir='ltr'><strong><em>ἐκείνῃ</em></strong></span> <span class='ocrx_word' id='word_1_234' title='bbox 1010 3065 1080 3074; x_wconf 90' lang='lat'><strong><em>—-</em></strong></span> <span class='ocrx_word' id='word_1_235' title='bbox 1116 3034 1327 3104; x_wconf 75' lang='lat' dir='ltr'><strong>(deletis</strong></span> <span class='ocrx_word' id='word_1_236' title='bbox 1361 3051 1484 3090; x_wconf 76' lang='lat' dir='ltr'><strong><em>cum</em></strong></span> <span class='ocrx_word' id='word_1_237' title='bbox 1517 3035 1924 3091; x_wconf 76' lang='lat' dir='ltr'><strong>Hemstcrhusio</strong></span> <span class='ocrx_word' id='word_1_238' title='bbox 1958 3036 2133 3090; x_wconf 82' lang='lat' dir='ltr'><strong>verbis</strong></span> <span class='ocrx_word' id='word_1_239' title='bbox 2181 3034 2322 3089; x_wconf 82' lang='grc' dir='ltr'><strong><em>κατὰ</em></strong></span> <span class='ocrx_word' id='word_1_240' title='bbox 2356 3034 2456 3091; x_wconf 83' lang='grc' dir='ltr'><strong><em>τάς</em></strong></span> <span class='ocrx_word' id='word_1_241' title='bbox 2489 3030 2618 3086; x_wconf 83' lang='grc' dir='ltr'><strong><em>πλε-</em></strong></span> 
     </span>
     <span class='ocr_line' id='line_1_29' title="bbox 545 3119 2623 3191; baseline 0 -17"><span class='ocrx_word' id='word_1_242' title='bbox 545 3119 780 3190; x_wconf 78' lang='grc' dir='ltr'><strong><em>κτάνας).</em></strong></span> <span class='ocrx_word' id='word_1_243' title='bbox 850 3123 1110 3176; x_wconf 83' lang='lat' dir='ltr'><strong>enimvero</strong></span> <span class='ocrx_word' id='word_1_244' title='bbox 1146 3125 1203 3176; x_wconf 88' lang='lat' dir='ltr'><strong>et</strong></span> <span class='ocrx_word' id='word_1_245' title='bbox 1235 3122 1426 3177; x_wconf 86' lang='lat' dir='ltr'><strong>Cobeti</strong></span> <span class='ocrx_word' id='word_1_246' title='bbox 1459 3125 1515 3177; x_wconf 88' lang='lat' dir='ltr'><strong>et</strong></span> <span class='ocrx_word' id='word_1_247' title='bbox 1540 3122 1916 3178; x_wconf 77' lang='lat' dir='ltr'><strong>Hemsterhusi</strong></span> <span class='ocrx_word' id='word_1_248' title='bbox 1949 3122 2281 3191; x_wconf 86' lang='lat' dir='ltr'><strong>conjecturae</strong></span> <span class='ocrx_word' id='word_1_249' title='bbox 2308 3120 2457 3191; x_wconf 85' lang='lat' dir='ltr'><strong>justo</strong></span> <span class='ocrx_word' id='word_1_250' title='bbox 2494 3123 2623 3175; x_wconf 85' lang='lat' dir='ltr'><strong>sunt</strong></span> 
     </span>
     <span class='ocr_line' id='line_1_30' title="bbox 546 3205 2621 3278; baseline -0.001 -16"><span class='ocrx_word' id='word_1_251' title='bbox 546 3208 865 3263; x_wconf 78' lang='lat' dir='ltr'><strong>audaciores,</strong></span> <span class='ocrx_word' id='word_1_252' title='bbox 937 3207 1110 3262; x_wconf 85' lang='lat' dir='ltr'><strong>adhuc</strong></span> <span class='ocrx_word' id='word_1_253' title='bbox 1145 3209 1431 3278; x_wconf 87' lang='lat' dir='ltr'><strong>quaeritur,</strong></span> <span class='ocrx_word' id='word_1_254' title='bbox 1466 3211 1647 3263; x_wconf 88' lang='lat' dir='ltr'><strong>utrum</strong></span> <span class='ocrx_word' id='word_1_255' title='bbox 1682 3205 1911 3264; x_wconf 77' lang='grc' dir='ltr'><strong><em>κοτύλας</em></strong></span> <span class='ocrx_word' id='word_1_256' title='bbox 1944 3208 2256 3263; x_wconf 86' lang='lat' dir='ltr'><strong>servandum</strong></span> <span class='ocrx_word' id='word_1_257' title='bbox 2290 3207 2365 3262; x_wconf 88' lang='lat' dir='ltr'><strong>sit</strong></span> <span class='ocrx_word' id='word_1_258' title='bbox 2398 3224 2468 3261; x_wconf 85' lang='lat' dir='ltr'><strong>an</strong></span> <span class='ocrx_word' id='word_1_259' title='bbox 2500 3223 2621 3260; x_wconf 90' lang='lat' dir='ltr'><strong>cum</strong></span> 
     </span>
     <span class='ocr_line' id='line_1_31' title="bbox 546 3290 2619 3365; baseline -0 -18"><span class='ocrx_word' id='word_1_260' title='bbox 546 3293 746 3347; x_wconf 85' lang='lat' dir='ltr'><strong>Cobeto</strong></span> <span class='ocrx_word' id='word_1_261' title='bbox 779 3293 1146 3363; x_wconf 83' lang='lat' dir='ltr'><strong>corrigendum</strong></span> <span class='ocrx_word' id='word_1_262' title='bbox 1180 3290 1569 3362; x_wconf 82' lang='grc' dir='ltr'><strong><em>κοτυληδόνας.</em></strong></span> <span class='ocrx_word' id='word_1_263' title='bbox 1643 3312 1777 3365; x_wconf 86' lang='lat' dir='ltr'><strong>quae</strong></span> <span class='ocrx_word' id='word_1_264' title='bbox 1810 3312 1895 3350; x_wconf 91' lang='lat' dir='ltr'><strong>res</strong></span> <span class='ocrx_word' id='word_1_265' title='bbox 1931 3295 2188 3365; x_wconf 86' lang='lat' dir='ltr'><strong>ejusmodi</strong></span> <span class='ocrx_word' id='word_1_266' title='bbox 2221 3297 2319 3361; x_wconf 84' lang='lat' dir='ltr'><strong>est,</strong></span> <span class='ocrx_word' id='word_1_267' title='bbox 2352 3296 2419 3348; x_wconf 90' lang='lat' dir='ltr'><strong>ut</strong></span> <span class='ocrx_word' id='word_1_268' title='bbox 2433 3293 2483 3347; x_wconf 88' lang='lat' dir='ltr'><strong><em>si</em></strong></span> <span class='ocrx_word' id='word_1_269' title='bbox 2499 3292 2619 3363; x_wconf 85' lang='lat' dir='ltr'><strong>quis</strong></span> 
     </span>
     <span class='ocr_line' id='line_1_32' title="bbox 546 3376 2619 3451; baseline 0.001 -20"><span class='ocrx_word' id='word_1_270' title='bbox 546 3378 690 3431; x_wconf 73' lang='grc' dir='ltr'><strong><em>κατὰ</em></strong></span> <span class='ocrx_word' id='word_1_271' title='bbox 721 3377 821 3435; x_wconf 79' lang='grc' dir='ltr'><strong><em>τὰς</em></strong></span> <span class='ocrx_word' id='word_1_272' title='bbox 852 3376 1156 3437; x_wconf 72' lang='grc' dir='ltr'><strong><em>πλεκτάνας</em></strong></span> <span class='ocrx_word' id='word_1_273' title='bbox 1191 3380 1379 3447; x_wconf 82' lang='lat' dir='ltr'><strong>deleat,</strong></span> <span class='ocrx_word' id='word_1_274' title='bbox 1422 3397 1549 3435; x_wconf 83' lang='lat' dir='ltr'><strong>sane</strong></span> <span class='ocrx_word' id='word_1_275' title='bbox 1590 3384 1828 3451; x_wconf 67' lang='lat' dir='ltr'><strong>praestet</strong></span> <span class='ocrx_word' id='word_1_276' title='bbox 1873 3376 2261 3449; x_wconf 82' lang='grc' dir='ltr'><strong><em>κοτυληδόνας,</em></strong></span> <span class='ocrx_word' id='word_1_277' title='bbox 2312 3381 2397 3435; x_wconf 85' lang='lat' dir='ltr'><strong><em>sin</em></strong></span> <span class='ocrx_word' id='word_1_278' title='bbox 2442 3382 2619 3434; x_wconf 73' lang='lat' dir='ltr'><strong>autem</strong></span> 
     </span>
     <span class='ocr_line' id='line_1_33' title="bbox 545 3461 2612 3539; baseline -0 -22"><span class='ocrx_word' id='word_1_279' title='bbox 545 3464 665 3522; x_wconf 76' lang='grc' dir='ltr'><strong><em>ταῖς</em></strong></span> <span class='ocrx_word' id='word_1_280' title='bbox 707 3461 1034 3523; x_wconf 82' lang='grc' dir='ltr'><strong><em>πλεκτάναις</em></strong></span> <span class='ocrx_word' id='word_1_281' title='bbox 1076 3466 1377 3522; x_wconf 79' lang='lat' dir='ltr'><strong>insecutum</strong></span> <span class='ocrx_word' id='word_1_282' title='bbox 1411 3471 1511 3533; x_wconf 84' lang='lat' dir='ltr'><strong>est,</strong></span> <span class='ocrx_word' id='word_1_283' title='bbox 1560 3470 1679 3522; x_wconf 84' lang='lat' dir='ltr'><strong>tum</strong></span> <span class='ocrx_word' id='word_1_284' title='bbox 1718 3485 1840 3523; x_wconf 88' lang='lat' dir='ltr'><strong>vero</strong></span> <span class='ocrx_word' id='word_1_285' title='bbox 1886 3470 2043 3538; x_wconf 84' lang='lat' dir='ltr'><strong>longe</strong></span> <span class='ocrx_word' id='word_1_286' title='bbox 2086 3470 2323 3539; x_wconf 80' lang='lat' dir='ltr'><strong>praestet</strong></span> <span class='ocrx_word' id='word_1_287' title='bbox 2367 3463 2612 3523; x_wconf 75' lang='grc' dir='ltr'><strong><em>κοτύλας.</em></strong></span> 
     </span>
     <span class='ocr_line' id='line_1_34' title="bbox 544 3548 2616 3625; baseline 0.001 -19"><span class='ocrx_word' id='word_1_288' title='bbox 544 3568 668 3606; x_wconf 85' lang='lat' dir='ltr'><strong>nam</strong></span> <span class='ocrx_word' id='word_1_289' title='bbox 701 3548 901 3619; x_wconf 84' lang='grc' dir='ltr'><strong><em>κοτύλη</em></strong></span> <span class='ocrx_word' id='word_1_290' title='bbox 939 3553 975 3606; x_wconf 86' lang='lat' dir='ltr'><strong><em>i.</em></strong></span> <span class='ocrx_word' id='word_1_291' title='bbox 1011 3569 1056 3607; x_wconf 92' lang='lat' dir='ltr'><strong><em>e.</em></strong></span> <span class='ocrx_word' id='word_1_292' title='bbox 1095 3568 1295 3618; x_wconf 78' lang='lat' dir='ltr'><strong>,cavum</strong></span> <span class='ocrx_word' id='word_1_293' title='bbox 1330 3554 1620 3625; x_wconf 88' lang='lat' dir='ltr'><strong>quodlibet‘</strong></span> <span class='ocrx_word' id='word_1_294' title='bbox 1656 3557 1778 3625; x_wconf 78' lang='lat' dir='ltr'><strong>apte</strong></span> <span class='ocrx_word' id='word_1_295' title='bbox 1822 3554 2022 3609; x_wconf 88' lang='lat' dir='ltr'><strong>dicitur</strong></span> <span class='ocrx_word' id='word_1_296' title='bbox 2063 3554 2128 3609; x_wconf 87' lang='lat' dir='ltr'><strong><em>de</em></strong></span> <span class='ocrx_word' id='word_1_297' title='bbox 2174 3570 2298 3609; x_wconf 87' lang='lat' dir='ltr'><strong>cavo</strong></span> <span class='ocrx_word' id='word_1_298' title='bbox 2338 3553 2616 3608; x_wconf 82' lang='lat' dir='ltr'><strong>acetabuli.</strong></span> 
     </span>
     <span class='ocr_line' id='line_1_35' title="bbox 545 3635 2618 3711; baseline 0.002 -19"><span class='ocrx_word' id='word_1_299' title='bbox 545 3642 603 3693; x_wconf 86' lang='lat' dir='ltr'><strong><em>at</em></strong></span> <span class='ocrx_word' id='word_1_300' title='bbox 636 3635 956 3706; x_wconf 79' lang='grc' dir='ltr'><strong><em>κοτυληδών</em></strong></span> <span class='ocrx_word' id='word_1_301' title='bbox 989 3655 1108 3694; x_wconf 84' lang='lat' dir='ltr'><strong>raro</strong></span> <span class='ocrx_word' id='word_1_302' title='bbox 1142 3641 1416 3695; x_wconf 87' lang='lat' dir='ltr'><strong>acetabula</strong></span> <span class='ocrx_word' id='word_1_303' title='bbox 1451 3643 1506 3695; x_wconf 93' lang='lat' dir='ltr'><strong>et</strong></span> <span class='ocrx_word' id='word_1_304' title='bbox 1530 3641 1841 3711; x_wconf 83' lang='lat' dir='ltr'><strong>plerumque</strong></span> <span class='ocrx_word' id='word_1_305' title='bbox 1859 3641 2109 3696; x_wconf 83' lang='lat' dir='ltr'><strong>bracchia</strong></span> <span class='ocrx_word' id='word_1_306' title='bbox 2141 3639 2260 3710; x_wconf 83' lang='grc' dir='ltr'><strong><em>(τὰς</em></strong></span> <span class='ocrx_word' id='word_1_307' title='bbox 2292 3637 2618 3708; x_wconf 80' lang='grc' dir='ltr'><strong><em>πλεκτάνας)</em></strong></span> 
     </span>
     <span class='ocr_line' id='line_1_36' title="bbox 542 3725 2617 3798; baseline 0 -18"><span class='ocrx_word' id='word_1_308' title='bbox 542 3726 726 3797; x_wconf 82' lang='lat' dir='ltr'><strong>polypi</strong></span> <span class='ocrx_word' id='word_1_309' title='bbox 759 3725 1042 3797; x_wconf 79' lang='lat' dir='ltr'><strong>significat.</strong></span> <span class='ocrx_word' id='word_1_310' title='bbox 1115 3726 1342 3798; x_wconf 86' lang='lat' dir='ltr'><strong>denique</strong></span> <span class='ocrx_word' id='word_1_311' title='bbox 1374 3728 1651 3784; x_wconf 84' lang='lat' dir='ltr'><strong>Athenaeo</strong></span> <span class='ocrx_word' id='word_1_312' title='bbox 1685 3729 1768 3783; x_wconf 91' lang='lat' dir='ltr'><strong><em>XI</em></strong></span> <span class='ocrx_word' id='word_1_313' title='bbox 1800 3746 1853 3797; x_wconf 88' lang='lat' dir='ltr'><strong><em>p.</em></strong></span> <span class='ocrx_word' id='word_1_314' title='bbox 1871 3729 1992 3794; x_wconf 84' lang='lat'>479,</span> <span class='ocrx_word' id='word_1_315' title='bbox 2026 3728 2062 3782; x_wconf 90' lang='lat' dir='ltr'><strong>b</strong></span> <span class='ocrx_word' id='word_1_316' title='bbox 2098 3730 2155 3782; x_wconf 87' lang='lat' dir='ltr'><strong>et</strong></span> <span class='ocrx_word' id='word_1_317' title='bbox 2178 3727 2617 3782; x_wconf 83' lang='lat' dir='ltr'><strong>Hemsterhusius</strong></span> 
     </span>
     <span class='ocr_line' id='line_1_37' title="bbox 545 3810 2616 3884; baseline 0 -16"><span class='ocrx_word' id='word_1_318' title='bbox 545 3814 638 3883; x_wconf 90' lang='lat' dir='ltr'><strong><em>qui</em></strong></span> <span class='ocrx_word' id='word_1_319' title='bbox 671 3810 900 3871; x_wconf 77' lang='grc' dir='ltr'><strong><em>κοτύλας</em></strong></span> <span class='ocrx_word' id='word_1_320' title='bbox 932 3813 1176 3884; x_wconf 86' lang='lat' dir='ltr'><strong>pluribus</strong></span> <span class='ocrx_word' id='word_1_321' title='bbox 1212 3815 1372 3869; x_wconf 69' lang='lat' dir='ltr'><strong>etiam</strong></span> <span class='ocrx_word' id='word_1_322' title='bbox 1404 3814 1598 3870; x_wconf 85' lang='lat' dir='ltr'><strong>adlatis</strong></span> <span class='ocrx_word' id='word_1_323' title='bbox 1633 3818 1817 3870; x_wconf 88' lang='lat' dir='ltr'><strong>tuetur</strong></span> <span class='ocrx_word' id='word_1_324' title='bbox 1851 3817 1907 3868; x_wconf 94' lang='lat' dir='ltr'><strong>et</strong></span> <span class='ocrx_word' id='word_1_325' title='bbox 1941 3814 2035 3884; x_wconf 89' lang='lat' dir='ltr'><strong><em>qui</em></strong></span> <span class='ocrx_word' id='word_1_326' title='bbox 2066 3814 2208 3869; x_wconf 88' lang='lat' dir='ltr'><strong>idem</strong></span> <span class='ocrx_word' id='word_1_327' title='bbox 2239 3816 2414 3869; x_wconf 88' lang='lat' dir='ltr'><strong>mutat</strong></span> <span class='ocrx_word' id='word_1_328' title='bbox 2447 3813 2616 3869; x_wconf 83' lang='lat' dir='ltr'><strong>Cobe-</strong></span> 
     </span>
     <span class='ocr_line' id='line_1_38' title="bbox 543 3898 2617 3970; baseline -0.001 -16"><span class='ocrx_word' id='word_1_329' title='bbox 543 3903 634 3954; x_wconf 88' lang='lat' dir='ltr'><strong>tus</strong></span> <span class='ocrx_word' id='word_1_330' title='bbox 669 3899 851 3955; x_wconf 89' lang='lat' dir='ltr'><strong>eodem</strong></span> <span class='ocrx_word' id='word_1_331' title='bbox 883 3899 994 3956; x_wconf 90' lang='lat' dir='ltr'><strong>fere</strong></span> <span class='ocrx_word' id='word_1_332' title='bbox 1023 3900 1143 3970; x_wconf 83' lang='lat' dir='ltr'><strong>jure</strong></span> <span class='ocrx_word' id='word_1_333' title='bbox 1175 3902 1263 3955; x_wconf 87' lang='lat' dir='ltr'><strong><em>usi</em></strong></span> <span class='ocrx_word' id='word_1_334' title='bbox 1296 3904 1439 3957; x_wconf 89' lang='lat' dir='ltr'><strong>sunt.</strong></span> <span class='ocrx_word' id='word_1_335' title='bbox 1597 3899 1974 3970; x_wconf 76' lang='grc' dir='ltr'><strong><em>ἀπεργάζεται</em></strong></span> <span class='ocrx_word' id='word_1_336' title='bbox 2004 3898 2103 3958; x_wconf 55' lang='lat' dir='ltr'><strong><em>BQ!</em></strong></span> <span class='ocrx_word' id='word_1_337' title='bbox 2138 3904 2195 3955; x_wconf 89' lang='lat' dir='ltr'><strong>et</strong></span> <span class='ocrx_word' id='word_1_338' title='bbox 2227 3919 2275 3967; x_wconf 87' lang='lat' dir='ltr'><strong><em>v,</em></strong></span> <span class='ocrx_word' id='word_1_339' title='bbox 2324 3898 2617 3970; x_wconf 77' lang='grc' dir='ltr'><strong><em>ἐργάζεται</em></strong></span> 
     </span>
     <span class='ocr_line' id='line_1_39' title="bbox 547 3984 2618 4060; baseline 0 -19"><span class='ocrx_word' id='word_1_340' title='bbox 547 3985 704 4041; x_wconf 75' lang='grc' dir='ltr'><strong><em>ΑΩΕ.</em></strong></span> <span class='ocrx_word' id='word_1_341' title='bbox 855 3986 1029 4055; x_wconf 87' lang='grc' dir='ltr'><strong><em>χρόαν</em></strong></span> <span class='ocrx_word' id='word_1_342' title='bbox 1061 3985 1159 4044; x_wconf 61' lang='lat' dir='ltr'><strong><em>BQ</em></strong></span> <span class='ocrx_word' id='word_1_343' title='bbox 1205 3990 1260 4042; x_wconf 87' lang='lat' dir='ltr'><strong>et</strong></span> <span class='ocrx_word' id='word_1_344' title='bbox 1293 4006 1340 4053; x_wconf 86' lang='lat' dir='ltr'><strong><em>v,</em></strong></span> <span class='ocrx_word' id='word_1_345' title='bbox 1385 3988 1586 4059; x_wconf 83' lang='grc' dir='ltr'><strong><em>χροιὰν</em></strong></span> <span class='ocrx_word' id='word_1_346' title='bbox 1619 3988 1778 4042; x_wconf 77' lang='grc' dir='ltr'><strong><em>ΑΩΕ.</em></strong></span> <span class='ocrx_word' id='word_1_347' title='bbox 1937 3985 2009 4043; x_wconf 81' lang='grc' dir='ltr'><strong><em>ὡς</em></strong></span> <span class='ocrx_word' id='word_1_348' title='bbox 2045 3985 2112 4039; x_wconf 77' lang='grc' dir='ltr'><strong><em>ἂν</em></strong></span> <span class='ocrx_word' id='word_1_349' title='bbox 2145 3984 2294 4060; x_wconf 86' lang='grc' dir='ltr'><strong><em>λάθῃ</em></strong></span> <span class='ocrx_word' id='word_1_350' title='bbox 2333 4006 2381 4053; x_wconf 87' lang='lat' dir='ltr'><strong><em>v,</em></strong></span> <span class='ocrx_word' id='word_1_351' title='bbox 2430 3986 2501 4044; x_wconf 81' lang='grc' dir='ltr'><strong><em>ὥς</em></strong></span> <span class='ocrx_word' id='word_1_352' title='bbox 2550 3984 2618 4041; x_wconf 77' lang='grc' dir='ltr'><strong><em>ἃν</em></strong></span> 
     </span>
     <span class='ocr_line' id='line_1_40' title="bbox 543 4068 2616 4142; baseline 0.002 -19"><span class='ocrx_word' id='word_1_353' title='bbox 543 4068 718 4125; x_wconf 84' lang='grc' dir='ltr'><strong><em>λάθοι</em></strong></span> <span class='ocrx_word' id='word_1_354' title='bbox 750 4070 864 4137; x_wconf 58' lang='lat' dir='ltr'><strong><em>BQ,</em></strong></span> <span class='ocrx_word' id='word_1_355' title='bbox 901 4070 973 4129; x_wconf 81' lang='grc' dir='ltr'><strong><em>ὥς</em></strong></span> <span class='ocrx_word' id='word_1_356' title='bbox 1004 4070 1307 4127; x_wconf 82' lang='grc' dir='ltr'><strong><em>λανθάνειν</em></strong></span> <span class='ocrx_word' id='word_1_357' title='bbox 1338 4074 1558 4130; x_wconf 74' lang='grc' dir='ltr'><strong><em>ΑΩΜῈ.</em></strong></span> <span class='ocrx_word' id='word_1_358' title='bbox 1699 4070 1843 4142; x_wconf 75' lang='grc' dir='ltr'><strong><em>μηδὲ</em></strong></span> <span class='ocrx_word' id='word_1_359' title='bbox 1882 4072 2124 4142; x_wconf 81' lang='grc' dir='ltr'><strong><em>φανερὸς</em></strong></span> <span class='ocrx_word' id='word_1_360' title='bbox 2155 4071 2253 4131; x_wconf 58' lang='lat' dir='ltr'><strong><em>BQ</em></strong></span> <span class='ocrx_word' id='word_1_361' title='bbox 2284 4077 2339 4130; x_wconf 79' lang='lat' dir='ltr'><strong>et</strong></span> <span class='ocrx_word' id='word_1_362' title='bbox 2353 4093 2401 4139; x_wconf 85' lang='lat' dir='ltr'><strong><em>v,</em></strong></span> <span class='ocrx_word' id='word_1_363' title='bbox 2436 4073 2510 4141; x_wconf 83' lang='grc' dir='ltr'><strong><em>μὴ</em></strong></span> <span class='ocrx_word' id='word_1_364' title='bbox 2554 4070 2616 4127; x_wconf 78' lang='grc' dir='ltr'><strong><em>δὲ</em></strong></span> 
     </span>
     <span class='ocr_line' id='line_1_41' title="bbox 545 4146 2650 4226; baseline 0.001 -16"><span class='ocrx_word' id='word_1_365' title='bbox 545 4156 812 4226; x_wconf 78' lang='grc' dir='ltr'><strong><em>ἐπίσημος</em></strong></span> <span class='ocrx_word' id='word_1_366' title='bbox 842 4159 1002 4214; x_wconf 78' lang='grc' dir='ltr'><strong><em>ΑΩΕ.</em></strong></span> <span class='ocrx_word' id='word_1_367' title='bbox 1143 4156 1404 4215; x_wconf 79' lang='grc' dir='ltr'><strong><em>διατοῦτσ</em></strong></span> <span class='ocrx_word' id='word_1_368' title='bbox 1440 4162 1649 4216; x_wconf 80' lang='lat' dir='ltr'><strong>BFabc.</strong></span> <span class='ocrx_word' id='word_1_369' title='bbox 1791 4157 1901 4212; x_wconf 84' lang='grc' dir='ltr'><strong><em>ἀλλ’</em></strong></span> <span class='ocrx_word' id='word_1_370' title='bbox 1942 4158 2086 4217; x_wconf 61' lang='lat' dir='ltr'><strong><em>QAF</em></strong></span> <span class='ocrx_word' id='word_1_371' title='bbox 2132 4163 2189 4214; x_wconf 75' lang='lat' dir='ltr'><strong>et</strong></span> <span class='ocrx_word' id='word_1_372' title='bbox 2221 4180 2269 4226; x_wconf 85' lang='lat' dir='ltr'><strong><em>v,</em></strong></span> <span class='ocrx_word' id='word_1_373' title='bbox 2324 4157 2463 4213; x_wconf 79' lang='grc' dir='ltr'><strong><em>ἀλλὰ</em></strong></span> <span class='ocrx_word' id='word_1_374' title='bbox 2496 4161 2610 4216; x_wconf 81' lang='grc' dir='ltr'><strong><em>ΒΩ.</em></strong></span> <span class='ocrx_word' id='word_1_375' title='bbox 2643 4146 2650 4154; x_wconf 51' lang='grc'><strong><em>’</em></strong></span> 
     </span>
    </p>

    <p class='ocr_par' dir='ltr' id='par_1_7' title="bbox 545 4237 2616 4400">
     <span class='ocr_line' id='line_1_42' title="bbox 678 4237 2616 4317; baseline 0.001 -18"><span class='ocrx_word' id='word_1_376' title='bbox 678 4247 789 4299; x_wconf 75' lang='grc' dir='ltr'><strong><em>τίνι</em></strong></span> <span class='ocrx_word' id='word_1_377' title='bbox 824 4242 892 4298; x_wconf 75' lang='grc' dir='ltr'><strong><em>ἂν</em></strong></span> <span class='ocrx_word' id='word_1_378' title='bbox 927 4242 1069 4312; x_wconf 76' lang='grc' dir='ltr'><strong><em>ἄλλῳ</em></strong></span> <span class='ocrx_word' id='word_1_379' title='bbox 1104 4247 1151 4301; x_wconf 88' lang='grc' dir='ltr'><strong>Β</strong></span> <span class='ocrx_word' id='word_1_380' title='bbox 1188 4250 1244 4301; x_wconf 75' lang='lat' dir='ltr'><strong>et</strong></span> <span class='ocrx_word' id='word_1_381' title='bbox 1276 4266 1323 4313; x_wconf 82' lang='lat' dir='ltr'><strong><em>v,</em></strong></span> <span class='ocrx_word' id='word_1_382' title='bbox 1369 4250 1477 4300; x_wconf 78' lang='grc' dir='ltr'><strong><em>τίνι</em></strong></span> <span class='ocrx_word' id='word_1_383' title='bbox 1515 4245 1658 4313; x_wconf 69' lang='grc' dir='ltr'><strong><em>ἄλλῳ</em></strong></span> <span class='ocrx_word' id='word_1_384' title='bbox 1696 4246 1762 4309; x_wconf 61' lang='lat'><strong><em>21,</em></strong></span> <span class='ocrx_word' id='word_1_385' title='bbox 1811 4237 1972 4299; x_wconf 70' lang='grc' dir='ltr'><strong><em>ὶῖἷτινι</em></strong></span> <span class='ocrx_word' id='word_1_386' title='bbox 2022 4245 2089 4299; x_wconf 73' lang='grc' dir='ltr'><strong><em>ἂν</em></strong></span> <span class='ocrx_word' id='word_1_387' title='bbox 2133 4245 2277 4300; x_wconf 72' lang='grc' dir='ltr'><strong><em>ἄλλω</em></strong></span> <span class='ocrx_word' id='word_1_388' title='bbox 2326 4247 2376 4303; x_wconf 91' lang='grc' dir='ltr'><strong>Α</strong></span> <span class='ocrx_word' id='word_1_389' title='bbox 2421 4250 2478 4301; x_wconf 76' lang='lat' dir='ltr'><strong>et</strong></span> <span class='ocrx_word' id='word_1_390' title='bbox 2523 4246 2616 4317; x_wconf 87' lang='lat' dir='ltr'><strong><em>qui</em></strong></span> 
     </span>
     <span class='ocr_line' id='line_1_43' title="bbox 545 4322 2615 4400; baseline 0.002 -16"><span class='ocrx_word' id='word_1_391' title='bbox 545 4322 702 4385; x_wconf 75' lang='grc' dir='ltr'><strong><em>ὦτινι</em></strong></span> <span class='ocrx_word' id='word_1_392' title='bbox 737 4329 821 4396; x_wconf 76' lang='grc' dir='ltr'><strong><em>ἂν,</em></strong></span> <span class='ocrx_word' id='word_1_393' title='bbox 874 4328 1017 4385; x_wconf 73' lang='grc' dir='ltr'><strong><em>ἄλλω</em></strong></span> <span class='ocrx_word' id='word_1_394' title='bbox 1053 4333 1115 4399; x_wconf 83' lang='lat' dir='ltr'><strong><em>F,</em></strong></span> <span class='ocrx_word' id='word_1_395' title='bbox 1163 4330 1343 4387; x_wconf 76' lang='grc' dir='ltr'><strong><em>ὥιτινι</em></strong></span> <span class='ocrx_word' id='word_1_396' title='bbox 1390 4331 1535 4400; x_wconf 73' lang='grc' dir='ltr'><strong><em>ἄλλῳ</em></strong></span> <span class='ocrx_word' id='word_1_397' title='bbox 1571 4335 1697 4389; x_wconf 80' lang='grc' dir='ltr'><strong><em>ΩΜ.</em></strong></span> <span class='ocrx_word' id='word_1_398' title='bbox 1817 4335 1967 4391; x_wconf 60' lang='grc' dir='ltr'><strong><em>τοῖς</em></strong></span> <span class='ocrx_word' id='word_1_399' title='bbox 2013 4334 2245 4388; x_wconf 71' lang='grc' dir='ltr'><strong><em>σεαυτοῦ</em></strong></span> <span class='ocrx_word' id='word_1_400' title='bbox 2279 4334 2427 4390; x_wconf 72' lang='grc' dir='ltr'><strong><em>ΑΩΡ</em></strong></span> <span class='ocrx_word' id='word_1_401' title='bbox 2471 4337 2528 4389; x_wconf 83' lang='lat' dir='ltr'><strong>et</strong></span> <span class='ocrx_word' id='word_1_402' title='bbox 2567 4352 2615 4399; x_wconf 85' lang='lat' dir='ltr'><strong><em>v,</em></strong></span> 
     </span>
    </p>
   </div>
  </div>
 </body>
</html>
