3099 5241
530 407 666 462 xlv
1264 409 1360 462 DE
1414 408 1871 464 FRAGMENTIS

530 604 687 650 sane
739 585 978 669 potuit:
1037 585 1256 649 critica
1297 605 1449 652 vero
1505 589 1640 649 arte
1682 605 1947 670 prorsus
1991 586 2323 669 abstinuit,
2369 606 2500 669 qua
2540 587 2608 649 in

528 690 898 775 fragmentis
927 688 1031 753 vel
1060 690 1342 755 maxime
1371 709 1536 774 opus
1566 709 1707 754 esse
1749 689 1972 775 fugere
2016 695 2223 774 potest
2265 691 2608 755 neminem.

528 793 855 859 Lucianus
921 797 1167 876 autem,
1248 796 1362 878 qui
1425 793 1838 859 Demonactis
1903 794 2100 860 verba
2175 796 2410 878 partim
2474 795 2611 878 ipse

529 898 800 963 audierit
841 899 1071 983 partim
1116 898 1196 963 ab
1240 900 1322 964 iis
1366 901 1683 984 acceperit
1714 901 1829 984 qui
1871 900 1998 984 ipsi
2041 899 2393 981 audissent,
2437 919 2613 963 sum-

528 1022 701 1066 mam
743 1003 850 1067 hic
891 1002 1083 1068 fidem
1128 1009 1438 1069 meretur:
1483 1008 1732 1088 praeter
1776 1023 1970 1088 quem
2014 1004 2133 1067 uni
2175 1003 2305 1069 fere
2344 1002 2611 1068 Stobaeo

530 1107 684 1171 satis
738 1112 878 1172 tuto
934 1109 1188 1174 credere
1240 1109 1422 1191 licet,
1478 1129 1612 1173 non
1665 1110 1820 1174 item
1878 1109 2140 1173 caeteris
2196 1106 2612 1191 scriptoribus

530 1211 1030 1297 Florilegiorum.
1130 1213 1384 1278 Horum
1443 1214 1620 1277 enim
1668 1214 1837 1277 alius
1896 1213 2138 1277 dictum
2182 1212 2443 1295 aliquod
2486 1210 2613 1276 De-

530 1317 811 1380 monacti
866 1317 1092 1382 tribuit
1145 1319 1311 1383 alius
1362 1317 1535 1381 idem
1589 1317 1755 1381 illud
1796 1316 2087 1401 Epicteto
2141 1337 2401 1381 rursum
2447 1317 2612 1381 alius

533 1419 873 1484 Clitarcho:
943 1426 1018 1486 ut
1079 1423 1151 1485 in
1215 1423 1317 1488 his
1372 1422 1656 1488 tenebris
1723 1421 1980 1485 difficile
2046 1421 2130 1485 sit
2181 1421 2415 1506 pedem
2479 1440 2613 1485 non

532 1524 865 1590 offendere.
967 1524 1093 1602 Qui
1146 1525 1260 1590 ubi
1320 1532 1385 1592 et
1450 1528 1621 1591 inter
1678 1546 1747 1591 se
1802 1546 2024 1590 omnes
2083 1527 2497 1591 consentiunt
2553 1529 2615 1590 et

532 1629 800 1695 Stobaeo
853 1636 1249 1715 repugnant,
1309 1632 1664 1696 videndum
1720 1636 1817 1695 est
1869 1650 1953 1695 ne
2011 1629 2265 1695 Stobaei
2322 1631 2613 1695 hodierni

530 1734 762 1799 lemma
820 1735 1065 1819 aliquid
1108 1736 1224 1800 viti
1268 1737 1676 1801 contraxerit.
1769 1734 1951 1800 Certe
1996 1734 2059 1800 S.
2108 1734 2379 1799 Maximi
2423 1733 2615 1818 (Con-

530 1839 811 1924 fessoris)
864 1839 1268 1924 gnomologio
1335 1839 1484 1923 (vol.
1541 1840 1607 1904 Π
1662 1840 1761 1913 ed.
1822 1839 2178 1921 Combefisi,
2231 1839 2496 1903 Parisiis
2556 1859 2612 1901 a.

536 1944 727 2025 1675,
787 1963 982 2027 quam
1039 1944 1387 2009 editionem
1442 1966 1622 2010 nunc
1674 1945 1988 2029 respicere
2042 1964 2173 2008 non
2233 1944 2409 2029 licet)
2465 1943 2617 2008 oh'm

533 2067 633 2112 me
676 2068 809 2113 non
852 2048 994 2113 sine
1035 2049 1252 2113 fructu
1297 2071 1491 2115 usum
1537 2069 1680 2114 esse
1722 2051 1990 2114 memini
2035 2049 2119 2113 ad
2163 2048 2419 2113 Stobaei
2460 2047 2617 2112 lem-

532 2157 705 2217 mata
746 2153 853 2216 hic
895 2153 1028 2216 illic
1071 2154 1490 2218 emendanda.
1567 2153 1798 2238 Itaque
1842 2155 1897 2217 si
1946 2155 2092 2238 quis
2134 2173 2405 2238 gnomas
2452 2172 2618 2237 quae

531 2256 910 2322 Demonacti
964 2258 1034 2321 in
1090 2258 1191 2322 his
1235 2258 1592 2343 Florilegiis
1647 2257 2025 2323 tribuuntur
2066 2259 2406 2322 universas
2451 2277 2619 2320 com-

531 2362 952 2447 prehenderit,
1012 2362 1090 2427 de
1151 2384 1425 2447 quarum
1478 2368 1660 2447 parte
1717 2363 1828 2427 diu
1886 2382 1960 2426 ac
2002 2363 2283 2427 multum
2326 2361 2618 2426 dubitare

529 2466 706 2530 licet:
754 2466 876 2530 hoc
920 2468 1146 2532 saltem
1190 2467 1490 2551 manebit,
1534 2467 1988 2533 Demonactem
2039 2468 2387 2532 sententias
2429 2485 2619 2550 quas-

533 2570 679 2636 dam
723 2571 1130 2638 Antisthenis
1175 2577 1238 2638 et
1281 2573 1488 2658 ipsius
1531 2573 1807 2639 Socratis
1850 2573 2160 2657 gravitate
2219 2572 2446 2656 dignas
2491 2571 2619 2635 elo-

533 2681 759 2740 cutum
803 2695 960 2741 esse.
1055 2677 1196 2755 Quo
1241 2681 1445 2764 magis
1491 2684 1783 2744 nostrum
1829 2683 1946 2761 est,
2005 2676 2084 2741 ab
2141 2678 2280 2762 ipso
2341 2675 2621 2741 exordiri

532 2780 801 2846 Stobaeo
849 2786 912 2846 et
954 2786 1113 2846 tunc
1159 2783 1418 2848 demum
1466 2788 1860 2848 caeterorum
1914 2784 2090 2847 locos
2138 2781 2342 2846 bonos
2398 2782 2620 2862 maIOS,

534 2891 736 2951 certos
780 2887 1057 2952 incertos
1103 2889 1289 2971 quasi
1332 2908 1445 2972 per
1489 2893 1772 2952 saturam
1816 2888 2154 2972 adponere.
2231 2885 2620 2950 Tenendum

533 2995 631 3056 est
705 2995 920 3056 autem
997 2993 1261 3058 seriores
1349 2979 1666 3077 (inprimis
1743 2991 2113 3076 monachos)
2201 2991 2612 3076 profanorum

534 3096 914 3180 scriptorum
989 3096 1290 3162 flosculos
1356 3117 1392 3163 e
1459 3097 1728 3162 Stobaeo
1806 3098 2213 3182 potissimum
2288 3094 2619 3175 delibasse,

531 3200 855 3264 interdum
916 3202 1109 3265 etiam
1169 3201 1311 3266 aliis
1370 3203 1551 3268 velut
1607 3203 1862 3267 Orionis
1922 3202 2284 3287 anthologio
2341 3201 2413 3263 in
2470 3218 2622 3262 con-

534 3305 753 3369 silium
798 3305 1115 3369 adhibitis.

710 3512 962 3597 Θνητοὶ
1004 3520 1275 3601 γεγῶτες
1318 3512 1416 3599 μὴ
1465 3511 1769 3599 φρονεὶθ’
1821 3511 1987 3597 ὑπὲρ
2034 3511 2261 3589 θεοὺς.

707 3607 881 3684 Stob.
906 3620 1070 3685 Flor.
1120 3618 1198 3684 H
1198 3619 1289 3704 ερὶ
1319 3617 1688 3703 ὑπεροψίας
1718 3621 1811 3684 tit.
1839 3621 1947 3703 22,
1975 3622 2094 3685 16:
2143 3616 2617 3703 Δημώνακτος.

534 3720 807 3806 ,θνητοὶ
833 3761 918 3772 -
943 3720 1197 3797 θεοὺς.
1285 3725 1465 3790 Idem
1495 3744 1723 3789 versus
1767 3729 1863 3788 est
1906 3726 1977 3788 in
2022 3723 2361 3790 Menandri
2403 3744 2624 3789 mono-

535 3829 756 3894 stichis
800 3830 959 3897 243:
1017 3824 1271 3911 θνητὸς
1324 3826 1626 3913 πεφυκώς
1675 3823 1775 3911 μὴ
1823 3834 2071 3913 φρονῇς
2115 3825 2415 3913 &quiq-9⁶0:
2461 3828 2624 3914 (sic),

536 3933 652 3998 ubi
697 3933 950 4000 Stobaei
993 3935 1334 4001 lectionem
1377 3933 1750 3998 Brunckius
1794 3935 2091 3999 restituit.

711 4137 971 4222 Κόλαζε
1014 4141 1269 4228 κρίνων,
1323 4137 1481 4207 ἀλλά
1526 4137 1626 4224 μῆ
1675 4137 2137 4225 θυμούμενος.

709 4249 954 4314 Anecd.
995 4247 1342 4332 BoiSS.Ip.
1372 4247 1530 4313 118:
1577 4241 2054 4329 Δημώνακτος·
2105 4241 2470 4325 ,κόλαζε-
2497 4250 2626 4308 θυ-

535 4349 927 4438 μούμενος.
1000 4352 1100 4417 Ita
1129 4353 1301 4418 enim
1323 4351 1710 4418 Boissonadi
1741 4351 1963 4417 codeX.
2015 4345 2234 4437 ‘Apud
2264 4351 2628 4416 Antonium
