3099 5241
552 450 730 506 CXIV
1355 450 1452 506 DE
1504 449 1834 506 NUMERIS

552 627 642 709 (v.
692 628 822 693 890
868 627 1060 713 sqq),
1099 629 1375 710 juvenes
1423 629 1773 712 corrumpit
1818 630 1901 710 (V.
1955 627 2099 710 185)
2145 628 2420 713 ideoque
2462 630 2644 712 gravi

549 751 759 816 poena
813 732 1109 796 adficitur
1166 733 1356 797 domo
1413 734 1679 797 incensa
1739 735 1820 815 (v.
1886 733 2054 798 1498
2101 735 2270 819 sqq.)
2332 739 2639 818 tanquam

550 838 792 921 impius
854 838 1157 922 sophista,
1214 838 1507 902 similiter
1562 842 1756 921 atque
1812 842 1999 901 antea
2056 837 2438 921 Protagorae
2495 837 2641 901 libri

551 942 827 1006 Athenis
895 943 966 1005 in
1035 941 1170 1006 foro
1230 942 1490 1027 publice
1551 941 1869 1005 combusti
1928 946 2108 1005 erant
2168 941 2374 1027 (Diog.
2436 941 2637 1006 Laert.

552 1045 676 1128 IX,
722 1047 853 1132 52).
943 1046 1172 1131 Neque
1228 1046 1351 1111 alia
1407 1047 1485 1111 de
1547 1066 1741 1111 causa
1799 1047 2117 1110 secundas
2176 1046 2400 1110 Nubes
2459 1051 2642 1130 poeta

553 1169 759 1234 paene
796 1152 931 1234 jam
973 1152 1285 1235 perfectas
1328 1170 1463 1215 non
1509 1152 1747 1233 docuit,
1792 1153 1923 1215 nisi
1956 1151 2128 1235 quod
2175 1151 2332 1215 haec
2376 1152 2643 1214 crimina

555 1274 638 1319 ne
669 1255 892 1320 cadere
939 1257 1200 1339 quidem
1245 1257 1311 1319 in
1348 1255 1670 1320 Socratem
1714 1256 1972 1319 tandem
2004 1255 2286 1319 vidisset.
2368 1255 2642 1319 Omnino

554 1360 626 1422 in
669 1358 975 1424 Nubibus
1020 1360 1309 1425 Socrates
1366 1362 1645 1444 pessime
1700 1361 2009 1424 confusus
2069 1364 2165 1424 est
2221 1380 2369 1424 cum
2426 1359 2645 1424 Prota-

555 1483 730 1547 gora,
790 1464 869 1528 de
916 1484 1046 1549 quo
1090 1466 1242 1530 vide
1299 1469 1548 1549 praeter
1604 1465 1761 1527 alios
1806 1464 2212 1529 Aristotelem
2255 1464 2508 1528 Rhetor.
2554 1464 2643 1547 ΙΙ,

558 1568 644 1634 24
688 1568 824 1650 fin.,
885 1567 1239 1634 Eudoxum
1297 1590 1397 1653 ap.
1461 1568 1762 1653 Stephan.
1826 1569 1986 1650 Byz.
2050 1590 2110 1653 p.
2162 1572 2202 1635 6
2262 1570 2359 1634 ed.
2423 1567 2643 1651 Mein.,

560 1670 838 1736 Gellium
882 1672 967 1755 V,
1025 1675 1086 1739 3.
1209 1673 1507 1738 Comicus
1565 1675 1739 1737 enim
1798 1694 2004 1757 quum
2062 1672 2287 1738 Nubes
2346 1673 2647 1738 scriberet

554 1781 1072 1861 retractaretque,
1127 1778 1309 1862 vulgi
1364 1778 1865 1843 Atheniensium
1921 1797 2127 1843 errore
2183 1783 2409 1863 captus
2467 1782 2645 1843 tene-

557 1881 764 1962 batur,
813 1883 926 1966 qui
972 1883 1204 1946 animis
1235 1882 1392 1947 adeo
1436 1882 1685 1947 infixus
1715 1882 2032 1965 haerebat,
2079 1887 2156 1947 ut
2197 1883 2397 1947 unius
2425 1882 2646 1947 Prota-

556 2004 745 2070 gorae
799 1987 1138 2071 professio:
1194 1982 1271 2050 τὸ
1326 1981 1447 2050 τὸν
1501 1986 1672 2068 ’ἥττω
1728 1981 1926 2072 λόγον
1980 1985 2238 2068 κρείττω
2284 1997 2502 2050 ποιεῖν
2544 1985 2648 2051 vel

556 2093 627 2154 in
692 2092 917 2175 capitis
973 2110 1169 2155 causa
1224 2090 1465 2155 Socrati
1531 2091 1697 2156 male
1764 2090 2158 2173 objiceretur.
2274 2090 2484 2167 Quare
2542 2110 2647 2154 co-

558 2196 814 2260 moedia
856 2196 967 2261 illa
1009 2196 1312 2260 historiae
1367 2194 1561 2259 fidem
1607 2197 1698 2260 ita
1744 2196 2008 2259 demum
2052 2194 2333 2279 haberet,
2388 2198 2444 2260 si
2500 2196 2647 2280 quis

557 2320 673 2384 pro
752 2300 1006 2366 Socrate
1083 2300 1464 2384 plerumque
1539 2319 1774 2364 nomen
1861 2299 2181 2364 sufficeret
2243 2299 2642 2383 Protagorae.

559 2404 907 2471 Enimvero
965 2404 1241 2487 Platoni,
1309 2409 1384 2468 ut
1447 2404 1625 2468 hunc
1685 2404 1868 2488 vulgi
1924 2423 2196 2469 errorem
2255 2404 2508 2487 deleret,
2567 2403 2648 2467 ad

560 2510 697 2573 veri
757 2508 1035 2574 Socratis
1100 2527 1436 2593 personam
1503 2510 1574 2572 in
1647 2509 1913 2593 dialogis
1980 2509 2287 2574 tuendam
2342 2509 2449 2572 via
2507 2527 2647 2571 mu-

559 2614 799 2679 nienda
843 2619 976 2680 erat
1020 2619 1083 2679 et
1128 2614 1363 2698 aliquis
1409 2613 1694 2698 sophista
1737 2615 1808 2678 in
1871 2634 2131 2679 scenam
2191 2613 2434 2678 obtorto
2488 2611 2648 2677 collo

560 2720 1027 2803 protrahendus
1085 2724 1160 2783 ut
1217 2718 1458 2783 Socrati
1518 2718 1810 2784 infestus.
1923 2718 2098 2783 Hinc
2155 2720 2228 2783 in
2286 2719 2509 2802 primis
2569 2717 2648 2781 de

561 2824 889 2908 republica
955 2824 1136 2888 libris
1200 2823 1523 2888 Socratem
1593 2823 1775 2887 docet
1838 2843 1972 2887 non
2039 2824 2389 2907 sophistam
2450 2822 2651 2886 fuisse

566 2929 679 2993 sed
724 2948 945 2994 eorum
991 2929 1430 2994 adversarium
1471 2946 1687 3010 neque
1743 2929 1940 3011 impie
1984 2928 2288 2992 evertisse
2332 2927 2652 3010 justitiam

564 3033 677 3098 sed
744 3036 969 3099 acriter
1036 3035 1413 3099 defendisse.
1527 3031 1776 3097 Ibidem
1844 3051 1996 3097 vero
2071 3031 2315 3096 Socrati
2379 3030 2648 3113 Thrasy-

565 3139 867 3203 machum
926 3139 1275 3223 sophistam
1336 3139 1633 3222 opponit,
1702 3156 1895 3221 quem
1954 3141 2163 3221 partes
2224 3155 2410 3220 agere
2467 3134 2653 3218 jubet

565 3245 928 3308 contrarias.
1017 3241 1228 3318 Quare
1272 3244 1400 3307 nisi
1443 3242 1627 3306 Plato
1673 3242 1950 3307 atrocius
1993 3242 2062 3304 in
2106 3240 2652 3323 Thrasymachum

562 3346 993 3428 inveheretur,
1037 3342 1246 3412 facile
1267 3348 1454 3412 credo
1497 3347 1797 3411 futurum
1839 3346 2061 3429 fuisse,
2104 3351 2181 3410 ut
2222 3364 2338 3429 pro
2382 3344 2652 3425 Thrasy-

563 3451 776 3515 machi
838 3451 1099 3515 nomine
1163 3451 1411 3536 ubique
1476 3471 1661 3534 eum,
1743 3452 1858 3535 qui
1936 3454 2077 3516 tum
2156 3450 2316 3514 forte
2380 3448 2653 3512 Athenis

566 3555 798 3638 aberat,
840 3555 1250 3639 Protagoram
1293 3575 1529 3640 ponere
1569 3555 1818 3640 ubique
1861 3560 2095 3640 posset.
2183 3554 2441 3619 Etenim
2471 3553 2652 3617 Plato

567 3664 664 3743 (ut
711 3660 1106 3725 Glauconem
1162 3662 1350 3725 initio
1409 3660 1558 3724 libri
1617 3660 1888 3725 secundi
1947 3659 2255 3741 omittam)
2319 3660 2522 3742 primo
2580 3658 2652 3720 in

563 3764 727 3830 libro
785 3785 938 3830 cum
996 3764 1252 3830 Socrate
1295 3764 1708 3848 Protagoram
1765 3765 2176 3829 altercantem
2235 3762 2458 3827 eodem
2507 3764 2653 3845 jure

565 3871 770 3935 facere
814 3874 1077 3955 poterat,
1123 3889 1253 3954 quo
1296 3888 1477 3934 nunc
1507 3869 2019 3951 Thrasymachus
2050 3868 2405 3932 altercatur.
2476 3864 2655 3943 Quae

568 3976 786 4039 omnia
842 3976 900 4038 si
945 3975 1093 4058 quis
1137 3992 1285 4038 vere
1329 3973 1409 4037 ab
1454 3975 1645 4040 nobis
1691 3976 1861 4039 dicta
1908 3992 2049 4037 esse
2094 3972 2416 4055 concedet,
2477 3972 2535 4035 is
2590 3974 2655 4035 et

565 4080 784 4144 foedas
831 4079 1142 4164 quasdam
1202 4077 1489 4142 maculas
1534 4097 1570 4143 e
1614 4079 1747 4142 vita
1791 4078 2019 4142 eluerit
2062 4076 2538 4160 Thrasymachi,
2594 4080 2656 4140 et

566 4184 902 4249 Platonem
969 4182 1245 4247 Socratis
1313 4182 1651 4246 alumnum
1730 4184 1904 4266 turpi
1979 4183 2326 4266 impietatis
2393 4181 2657 4245 crimine

568 4288 928 4353 absolverit.
1045 4286 1213 4351 Nam
1279 4291 1356 4350 ut
1421 4290 1553 4351 tota
1618 4288 1969 4370 antiquitas
2039 4287 2117 4352 de
2181 4287 2303 4350 hoc
2368 4284 2658 4368 magistri

567 4394 830 4458 nomine
884 4396 1108 4474 taceat,
1170 4396 1387 4455 tamen
1442 4392 1634 4456 etiam
1677 4390 2226 4473 Thrasymachum
2280 4390 2657 4473 magistrum
