3099 5241
612 393 761 467 21ss
1438 424 1864 476 AOPKIANOY

613 620 719 663 σοι
785 594 1110 683 εὐξαμένῳ
1178 593 1371 661 ἔδωκε
1429 595 1579 662 νέον
1643 593 1805 683 εἶναι
1860 595 1967 661 καὶ
2021 592 2220 663 καλὸν
2278 602 2343 674 ἐξ
2395 596 2687 687 ὑπαρχῆς

613 702 719 767 καὶ
766 699 1181 784 ἀξιε’ραστον,·
1239 699 1477 767 ΠΟΛ.
1542 699 1681 777 οὒκ,
1735 698 1888 764 ἀλλά
1933 706 2232 776 τοιοῦτος
2277 701 2367 768 ὧν
2410 700 2689 788 περιπό-

612 811 824 888 θητος
888 798 998 887 ἦν.
1121 804 1322 870 ΣΙΜ.
1399 803 1754 890 αἰνίγματα
1812 804 2030 892 λέγεις.
2139 806 2201 872 3.
2269 805 2507 873 HOA.
2579 806 2687 872 καὶ

611 906 755 995 μήν
810 904 1139 992 πρόδηλός
1192 933 1264 995 γε
1321 906 1356 973 ὁ
1404 906 1560 992 ἔρως
1607 906 1828 973 οὑτοσὶ
1874 904 2079 982 πολύς
2125 905 2211 972 ὧν
2259 906 2294 973 ὁ
2341 910 2489 995 περὶ
2532 908 2687 984 τούς

613 1011 920 1086 ἀτέκνους
963 1010 1068 1076 καὶ
1113 1010 1466 1084 πλουσίους
1508 1012 1845 1098 γέροντας.
1934 1013 2135 1077 ΣΙΜ.
2189 1018 2311 1078 νῦν
2352 1011 2684 1098 μανθάνω

615 1139 737 1183 σου
806 1112 883 1180 τὸ
953 1112 1203 1191 κάλλος,
1286 1109 1332 1179 ὦ
1404 1113 1766 1198 θαυμάσιε,
1846 1116 1945 1180 ὅτι
2016 1113 2197 1201 παρά
2270 1123 2389 1200 τῆς
2452 1123 2689 1204 χρυσῆς

606 1217 993 1304 Ἀφροδίτης
1035 1213 1144 1302 ἦν.
1238 1217 1477 1285 ΠΟΛ.
1529 1216 1717 1302 ἀτὰρ,
1770 1212 1816 1283 ὦ
1847 1217 2116 1305 Σιμύλε,
2168 1217 2285 1286 οὐκ
2331 1219 2512 1308 ὀλίγα
2555 1228 2688 1288 τῶν

614 1327 900 1408 ε’ραστῶν
979 1320 1409 1399 ἀπολέλαυκα,
1485 1324 1842 1410 μονονουχὶ
1913 1322 2491 1409 προσκυνούμενος
2565 1323 2684 1390 ὑπ’

615 1424 852 1493 αὐτῶν·
938 1426 1043 1492 καὶ
1122 1420 1556 1510 ἐθρυπτόμην
1633 1425 1702 1490 δὲ
1784 1423 2088 1501 πολλάκις
2169 1426 2274 1492 καὶ
2350 1426 2688 1495 ἀπέκλειον

474 1542 579 1597 362
617 1529 831 1598 αὐτῶν
897 1535 938 1572 ⁴*
995 1554 1178 1605 τινας
1236 1529 1465 1594 ἐνίοτε·
1545 1532 1607 1594 οἱ
1667 1528 1735 1594 δὲ
1794 1527 2153 1614 ἡμιλλῶντο
2213 1530 2319 1596 καὶ
2379 1529 2689 1616 ἀλλήλους

611 1633 1130 1721 ὑπερεβάλλοντο
1190 1638 1261 1698 ἐν
1318 1641 1400 1719 τῇ
1444 1633 1593 1717 περὶ
1640 1635 1753 1717 ἐμὲ
1802 1634 2154 1720 φιλοτιμίᾳ.
2246 1635 2448 1701 ΣΙΜ.
2508 1637 2687 1711 τέλος

615 1738 677 1805 δ’
739 1734 861 1807 οὖν
918 1747 1057 1814 πῶς
1100 1735 1457 1824 ἐβουλεύσω
1503 1737 1651 1820 περὶ
1694 1743 1822 1802 τῶν
1867 1735 2216 1823 κτημάτων
2233 1766 2259 1818 ,·
2317 1739 2556 1807 ΠΟΛ.
2621 1745 2688 1815 ἐς

612 1842 688 1910 τὸ
748 1841 1031 1931 φανερὸν
1088 1846 1213 1926 μὲν
1274 1850 1549 1907 ἕκαστον
1609 1838 1819 1906 αὐτῶν
1880 1838 2294 1928 κληρονόμον
2341 1841 2690 1910 ἀπολιπεῖν

613 1946 922 2034 ἔφασκον,
988 1946 1023 2012 ὃ
1088 1946 1151 2011 δ’
1211 1945 1505 2012 ἐπίστευέ
1561 1972 1633 2011 τε
1678 1945 1782 2010 καὶ
1828 1943 2434 2033 κολακευτικώτερον
2479 1972 2687 2034 παρε-

618 2050 918 2130 σκεύαζεν
976 2047 1239 2117 ἑαυτὸν·
1301 2050 1494 2126 ἄλλας
1549 2049 1621 2116 δὲ
1663 2049 1780 2125 τάς
1826 2048 2092 2134 ἀληθεῖς
2139 2049 2466 2136 διαθήκας
2504 2050 2687 2140 ἔχων,

614 2155 857 2231 ἐκείνας
930 2156 1276 2222 κατέλιπον
1332 2153 1629 2241 οἰμώζειν
1692 2155 1902 2221 ἅπασι
1959 2151 2233 2241 φράσας.
2354 2157 2410 2224 4.
2478 2157 2680 2222 ΣΙΜ.

615 2367 899 2422 articulum
948 2366 1173 2436 expunxi
1221 2382 1436 2435 eamque
1492 2364 1922 2427 emendationem,
1975 2382 2133 2434 quam
2182 2367 2521 2420 verisimilem
2573 2384 2687 2421 esse

613 2472 765 2509 nemo
801 2454 1033 2523 negabit,
1081 2456 1136 2507 et
1168 2453 1405 2507 Bekkero
1451 2453 1669 2522 probavi
1705 2456 1760 2506 et
1794 2452 2084 2506 DindorfiO.
2157 2456 2214 2506 at
2248 2454 2686 2508 Hemsterhusius

615 2545 709 2596 aut
740 2558 836 2611 pro
870 2560 994 2593 τινα
1030 2540 1194 2593 scribi
1227 2539 1394 2593 voluit
1427 2538 1584 2595 θεῶν
1620 2560 1762 2602 τινα,
1804 2539 1944 2608 quod
1961 2539 2294 2593 vehementer
2322 2540 2560 2610 languet,
2595 2544 2689 2594 aut

614 2649 740 2682 τινα
778 2629 955 2693 deleri,
993 2627 1135 2698 quod.
1169 2644 1293 2681 sane
1330 2645 1358 2681 0
1392 2644 1703 2697 praegresso
1725 2625 1910 2680 ὅντινα
1933 2627 2061 2680 oriri
2077 2614 2231 2681 facile
2247 2629 2438 2697 potuit.
2508 2629 2688 2698 itaque

615 2735 683 2772 ne
728 2717 965 2786 iniquius
1014 2715 1187 2783 egisse
1234 2714 1451 2779 viderer,
1504 2731 1645 2768 1111110
1692 2731 1809 2767 mea
1860 2714 2163 2783 conjectura
2207 2716 2515 2785 posthabita
2569 2731 2688 2769 cum

615 2803 1021 2859 Hemsterhusio
1056 2821 1180 2853 τινα
1216 2804 1279 2855 ut
1314 2804 1622 2871 suspectum
1657 2802 1808 2855 uncis
1826 2801 2041 2855 inclusi.
2116 2804 2348 2855 ceterum
2364 2802 2502 2856 hanc
2519 2803 2689 2873 ipsam

614 2891 678 2945 de
713 2890 930 2945 Phaone
975 2888 1208 2942 fabulam
1261 2888 1424 2942 simili
1470 2889 1623 2942 modo
1669 2891 1828 2959 atque
1880 2888 1933 2942 h.
1971 2889 2006 2941 1.
2056 2889 2321 2942 Lucianus
2368 2891 2689 2944 tractaverat

612 2975 767 3030 Plato
804 2976 1037 3029 comicus
1073 2977 1131 3029 in
1148 2976 1409 3040 ‚Phaone‘,
1445 2975 1502 3029 id
1521 2975 1661 3045 quod
1698 2974 2037 3043 efragmento
2068 2993 2149 3045 ap.
2171 2976 2366 3030 Athen.
2386 2977 2507 3045 Xp.
2527 2979 2645 3041 441,
2665 2976 2693 3029 f

615 3063 862 3132 colligere
909 3063 1052 3116 licet.
1126 3066 1181 3117 et
1226 3062 1326 3116 hoc
1374 3062 1587 3132 quidem
1634 3061 2070 3116 Hemsterhusius
2117 3062 2184 3116 ad
2218 3063 2271 3117 h.
2309 3063 2344 3116 1.
2385 3063 2433 3129 (Ι
2466 3081 2519 3132 p.
2563 3062 2687 3131 361)

612 3151 814 3220 primus
849 3149 1046 3219 optime
1080 3151 1362 3220 perspexit,
1399 3166 1555 3219 quem
1589 3149 1885 3203 Meinekius
1921 3149 1981 3202 in
2011 3149 2156 3204 Hist.
2197 3149 2281 3203 Cr.
2321 3149 2465 3203 Com.
2503 3167 2555 3219 p.
2583 3152 2685 3205 186

612 3237 776 3291 tacite
828 3239 1045 3291 secutus
1099 3240 1195 3290 est.
1356 3234 1415 3298 ἐξ
1466 3234 1729 3307 ὑπαρχῆς]
1787 3233 2092 3307 ἐξυπαρχῆς
2142 3240 2210 3287 Φ.
2374 3230 2684 3305 αἰνίγματα]

615 3324 838 3393 αἴνιγμα
878 3321 944 3380 21.

751 3412 801 3464 3.
874 3407 903 3462 ὁ
943 3409 1083 3479 ἔρως
1121 3407 1333 3477 οὑτοσὶ]
1371 3408 1400 3463 ὁ
1454 3409 1594 3478 ἔρως
1642 3408 1844 3462 οὑτωσὶ
1879 3412 1945 3471 Ω,
2005 3400 2166 3466 οὗτος
2204 3406 2233 3461 ὃ
2274 3407 2412 3484 ἔρως
2446 3406 2511 3465 91.
2655 3406 2684 3460 ὁ

612 3495 763 3566 περὶ]
813 3493 842 3548 ὃ
894 3512 978 3550 0111
1018 3500 1079 3548 Ψ.
1235 3495 1300 3547 τὸ
1350 3493 1563 3559 κάλλος,
1616 3488 1660 3548 ὦ
1695 3494 2001 3564 θαυμάσιε]
2038 3493 2343 3563 θαυμάσιε,
2393 3495 2456 3548 τὸ
2494 3492 2690 3552 κάλλος

615 3582 722 3652 (0111
758 3572 825 3652 ὦ)
863 3581 927 3640 91.
1086 3581 1244 3651 παρὰ
1281 3580 1400 3653 τῆς]
1438 3590 1569 3652 περὶ
1616 3583 1712 3651 τῆς
1745 3585 1810 3648 V,
1852 3582 1911 3636 ἐκ
1947 3582 2044 3649 τῆς
2079 3582 2144 3640 ⁵21.
2307 3578 2367 3635 δὲ
2403 3578 2684 3648 πολλάκις]

613 3678 708 3723 καὶ
736 3667 998 3728 πολλάκις
1013 3672 1081 3724 Ω.
1195 3669 1377 3724 αὑτοῖν
1398 3668 1568 3738 τινας]
1588 3690 1740 3728 τινας
1759 3669 1941 3723 αὐτῶν
1968 3674 2032 3732 Ψ,
2061 3670 2302 3724 fortasse.
2412 3667 2587 3722 ἐνίοτε
2606 3685 2690 3723 0111

614 3756 681 3815 21.
823 3755 1288 3828 ὑπερεβάλλοντο]
1326 3754 1704 3827 ὑπερέβαλλον
1741 3756 1804 3824 ἓῐ,
1859 3754 2269 3826 ὑπερβάλλοντο
2309 3755 2413 3824 (vel
2448 3753 2687 3824 ὑπεβάλ-

613 3842 799 3913 λοντο)
840 3849 904 3897 0.
1068 3842 1122 3899 δ’
1166 3836 1281 3914 οὑν]
1319 3844 1453 3915 γοῦν
1489 3842 1555 3901 91.
1709 3842 2026 3912 κτημάτων]
2061 3840 2360 3914 χρημάτων
2396 3841 2460 3900 91.
2614 3836 2690 3899 εἷς

563 3959 582 3982 x
610 3931 675 3985 τὸ
718 3931 968 4002 φανερὸν
986 3931 1050 3997 ⁵21,
1088 3927 1167 3989 εἰς
1200 3932 1520 4000 τοφανερὸν
1557 3936 1627 3983 Φ.
1774 3930 2038 4000 ἔφασκον]
2078 3928 2162 3999 ἐφ’
2204 3927 2438 3983 ἕκαστον
2481 3933 2544 3981 Ψ.

616 4017 644 4071 ὁ
687 4016 764 4086 δ’]
806 4015 894 4071 ὅδ’
935 4020 1048 4074 abo.
1211 4018 1459 4072 ἐπίστευέ
1495 4039 1554 4071 τε
1590 4017 1781 4076 B02121¹
1813 4023 1868 4073 et
1902 4039 1947 4084 v,
2005 4016 2252 4071 ἐπίστευέ
2298 4036 2358 4070 τε
2410 4013 2477 4068 ἂν
2513 4017 2687 4070 ΦΩΜ.

748 4103 1303 4176 κολακευτικώτερον]
1358 4101 1801 4172 κολακικώτερον
1853 4103 1917 4164 21.
1989 4108 2263 4176 utramque
2314 4103 2537 4158 formam
2588 4103 2685 4157 ha-

611 4193 705 4247 bet
738 4193 1022 4248 Lucienus,
1166 4192 1364 4246 ἑαυτὸν
1397 4191 1497 4249 BQ
1532 4196 1588 4247 et
1619 4213 1666 4259 v,
1704 4190 1876 4246 αὑτὸν
1916 4197 1982 4258 Φ,
2037 4190 2206 4246 αὐτὸν
2237 4193 2406 4259 ΟΨῼ.
2553 4186 2687 4258 ἀλη-

611 4280 736 4337 θεῖς
769 4296 856 4334 0111
898 4285 961 4333 Ψ.
1126 4278 1334 4336 ἐκείνας
1372 4277 1650 4348 διαθήκας
1697 4279 1831 4348 ἔχων
1868 4278 1932 4346 21,
1983 4276 2261 4347 διαθήκας
2307 4277 2518 4335 ἐκείνας
2553 4275 2689 4344 ἔχων

610 4368 822 4422 ΒΟΨΦ
868 4370 923 4422 et
957 4386 1003 4433 v,
1058 4367 1153 4422 sed
1203 4362 1482 4436 διαθήκας
1528 4366 1665 4435 ἔχων
1713 4364 1820 4438 (vel
1863 4364 2046 4436 ἔχων,)
2096 4364 2309 4424 ἐκείνας
2348 4367 2475 4429 ΜΩ,
2525 4367 2687 4421 recte.
