3099 5241
1384 439 1643 491 mmm.
2397 410 2556 492 165*

463 631 658 694 μενοι
704 606 819 673 ’καὶ
876 604 954 674 τὸ
998 620 1417 694 προσωπεῖον
1464 607 1653 677 αὐτοὶ
1696 611 2127 698 περιθέμενοι
2170 607 2263 678 ἔτι
2306 615 2549 688 ἐξαπαὲ-

464 718 740 792 τῶνται,·
804 712 913 776 καὶ
968 710 1053 795 ἥν
1108 736 1205 787 τις
1262 711 1619 799 ἀφαιρῆται
1664 709 1925 793 αὐτοῦς,
1996 720 2253 782 θᾶττον
2298 713 2382 781 ἄν
2424 713 2550 801 τὴν

464 815 747 901 κεφαλήν
811 813 857 899 ἢ
922 812 1000 881 τὸ
1066 829 1488 902 προσωπεῖον
1552 815 1911 903 πρόοιντος
1981 817 2057 884 οὐ
2117 816 2241 907 γὰρ
2303 815 2383 904 δὴ
2440 818 2548 884 καὶ

464 915 612 986 τότε
679 918 941 1008 ἀγνοεῖν
1001 917 1167 994 εἰκὸς
1228 917 1489 999 αὐτοῦς,
1562 919 1646 995 ὥς
1702 920 2059 1011 ἐπίχριστος
2114 920 2157 1007 ἦ
2221 920 2546 1009 εὐμορφία

465 1023 662 1101 ἐστὶν,
742 1021 1029 1090 ἔνδοθεν
1105 1020 1183 1089 τά
1253 1020 1478 1090 πάντα
1549 1023 1858 1111 ὁρῶντας.
1974 1026 2344 1094 ΠΛΟΥΤ.
2431 1025 2547 1093 οὐκ

465 1124 669 1215 ὀλίγα,
750 1121 798 1193 ὦ
854 1125 1097 1213 Ἑρμῆ,
1168 1128 1274 1193 καὶ
1338 1125 1505 1215 πρὸς
1570 1126 1767 1196 τοῦτό
1832 1153 1954 1214 μοι
2022 1130 2539 1219 συναγωνίζεται.
2636 1156 2640 1161 ’

465 1231 694 1299 ΕΡΜ.
764 1228 846 1297 τά
912 1244 1118 1313 ποῑας
1196 1232 1565 1300 ΠΛΟΥΤ.
1638 1230 1908 1305 ἐπειδάν
1970 1259 2066 1309 τις
2132 1231 2406 1322 ἐντυχών
2468 1230 2545 1300 τὰ

464 1341 727 1420 πρῶτον
785 1332 1208 1412 ἀναπετάσας
1263 1335 1391 1422 τῆν
1434 1335 1658 1424 θύραν
1701 1335 2059 1426 εἰσδέχηταί
2097 1362 2209 1423 με,
2276 1361 2547 1424 συμπα-

465 1439 845 1528 ρεισέρχεται
900 1443 1044 1525 μετ’
1103 1445 1268 1526 ἐμοῦ
1329 1439 1554 1507 λαθών
1615 1440 1652 1508 ὁ
1713 1448 1918 1529 τῦφος
1960 1442 2066 1508 καὶ
2110 1439 2151 1527 ἡ
2202 1440 2397 1509 ἄνοια
2439 1441 2547 1507 καὶ

462 1540 505 1626 ἡ
573 1541 974 1633 μεγαλαυχία
1040 1545 1147 1610 καὶ
1211 1544 1498 1628 μαλακία
1565 1546 1672 1611 καὶ
1740 1546 1923 1633 ὕβρις
1989 1546 2096 1611 καὶ
2156 1543 2378 1630 ἀπάτη
2439 1546 2547 1612 καὶ

466 1645 602 1712 ἀλλ’
651 1646 813 1714 ἄττα
856 1647 1084 1734 μυρία.
1179 1646 1318 1715 ὑπὸ
1363 1646 1443 1733 δὴ
1482 1648 1733 1716 τούτων
1761 1647 2079 1716 ἁπάντων
2106 1650 2548 1734 καταληφθεὶς

463 1746 589 1835 τὴν
651 1748 864 1841 ψυχήν
922 1749 1256 1837 θαυμάζει
1313 1778 1387 1819 τε
1443 1750 1525 1820 τά
1589 1751 1664 1820 οὐ
1728 1751 2053 1840 θαυμαςά
2108 1754 2216 1819 καὶ
2258 1752 2546 1842 ὀρέγεται

463 1858 595 1920 τῶν
637 1860 948 1940 φευκτῶν,
1011 1854 1184 1943 κάμὲ
1242 1859 1284 1899 ⁴*
1340 1855 1460 1923 τὸν
1501 1855 1775 1925 πάντων
1819 1858 2076 1925 ἐκείνων
2118 1858 2372 1944 πατέρα
2415 1863 2549 1925 τῶν
2582 1870 2685 1927 142

467 1954 979 2043 εἰσεληλυθότων
1007 1965 1219 2027 κακῶν
1228 1961 1506 2047 ,τέθηπε
1542 1958 2125 2049 δορυφορούμενον
2153 1959 2269 2028 ὑπ’
2303 1959 2539 2041 αὐτῶν,

463 2061 570 2127 καὶ
629 2059 850 2128 πάντα
912 2060 1236 2149 πρότερον
1289 2062 1508 2131 πάθοι
1566 2062 1672 2143 ἀν,
1735 2063 1779 2150 ἢ
1839 2067 1957 2150 ἐμὲ
2000 2065 2331 2151 προέσθαι
2374 2062 2547 2131 ὑπο-

463 2164 745 2251 μείνειεν
789 2165 894 2234 ἀν.
990 2170 1092 2237 29.
1133 2170 1348 2236 ΕΡΜ.
1402 2166 1487 2245 ὥς
1536 2167 1655 2258 [δὲ]
1702 2170 1870 2244 λεῖος
1915 2168 1991 2249 εἷ,
2042 2170 2148 2235 καὶ
2196 2166 2547 2254 ὀλισθηρὸς

466 2264 514 2346 ὦ
559 2269 844 2348 Πλοῦτε,
915 2272 1021 2336 καὶ
1081 2269 1476 2362 δυσκάτοχος
1533 2273 1643 2338 καὶ
1688 2271 2151 2360 διαφευκτικός,
2224 2272 2547 2358 οὐδεμίαν

466 2372 820 2460 ἀντιλαβὴν
874 2372 1322 2464 παρεχόμενος
1363 2377 1665 2463 βεβαίαν,
1730 2375 1863 2442 ἀλλ’
1912 2377 2127 2462 ὥσπερ
2175 2380 2241 2441 αἱ
2286 2377 2546 2465 ἐγχέλεις

463 2549 632 2605 lanus.
704 2550 832 2604 libri
866 2546 1002 2602 αὐτὸ
1039 2578 1124 2601 -.
1269 2548 1535 2617 πρόειντο
1586 2551 1669 2617 cd,
1715 2549 1809 2604 sed
1854 2548 2003 2605 codd.
2051 2567 2230 2606 omnes
2279 2554 2337 2607 et
2381 2553 2447 2606 ab
2481 2554 2546 2606 ut

462 2637 620 2706 vulgo
654 2635 925 2706 πρόοιντο
962 2638 1142 2692 attice.
1213 2637 1333 2693 vide
1370 2637 1710 2693 Schaeferum
1744 2637 1813 2691 ad
1846 2638 2119 2693 Demosth.
2144 2639 2175 2693 I
2208 2657 2260 2709 p.
2279 2641 2402 2695 421.

462 2720 529 2775 ὀὗ
566 2723 672 2794 γὰρ
713 2720 781 2791 δὴ
802 2723 902 2779 Ao
912 2725 1376 2783 masPRTva
1412 2727 1469 2779 et
1501 2725 1663 2779 codex
1679 2723 1856 2789 Fabri,
1893 2721 1957 2776 οὗ
1993 2723 2099 2794 γὰρ
2139 2720 2230 2777 δεῖ
2261 2725 2377 2780 edd.
2410 2727 2541 2780 vett.

602 2817 696 2862 καὶ
729 2807 883 2880 τότε]
921 2817 1014 2862 καὶ
1050 2827 1135 2890 qm
1168 2811 1232 2865 R.
1393 2806 1538 2868 εἰκὸς
1574 2809 1789 2878 αὐτοὺς]
1830 2807 2027 2867 αὐτοὺς
2073 2805 2220 2868 εἰκὸς
2258 2814 2303 2863 0
2339 2810 2439 2880 (ita
2474 2815 2537 2874 0,

465 2896 558 2951 sed
592 2896 766 2951 adhuc
800 2895 987 2967 solus).
1145 2895 1216 2950 τὰ
1251 2895 1444 2965 ποῖας]
1479 2896 1549 2950 τὰ
1588 2915 1674 2952 om
1706 2897 1825 2952 ΑΨ.
1971 2894 2234 2967 ἐντυγχὼν
2268 2897 2333 2953 A.
2475 2898 2540 2953 τὸ

462 2981 691 3050 πρῶτον
707 2983 1003 3039 Jacobitius
1020 3000 1116 3054 pro
1132 2981 1443 3052 τοπρῶτον.
1592 2978 1905 3049 εἰσδέχηταί
1927 2981 2030 3038 AN
2038 2983 2321 3046 ΨΩΩςΡΒ,
2364 2978 2540 3037 εἰσδέ-

462 3072 619 3136 χεταί
658 3072 703 3121 0
739 3073 796 3124 et
828 3088 876 3125 v.
1037 3069 1212 3138 τῦφος
1264 3068 1736 3139 A0(P5292PR?),
1787 3068 1962 3138 τύφος
2001 3089 2049 3125 v.
2204 3067 2539 3140 μεγαλαυχία

468 3156 786 3214 ΟΨΩΩςΡΕ
830 3160 887 3211 et
926 3156 1069 3211 haud
1105 3156 1266 3210 dubie
1300 3157 1392 3210 alii
1435 3155 1643 3211 codices
1678 3159 1735 3210 et
1766 3175 1813 3222 v,
1858 3153 2237 3228 μεγαλοψυχία
2271 3157 2321 3212 A
2368 3159 2425 3211 et
2464 3158 2544 3212 ita

465 3242 803 3297 scholiastam
837 3259 933 3297 suo
977 3242 1036 3296 in
1068 3242 1206 3296 libro
1252 3243 1449 3312 legisse
1483 3242 1920 3298 Hemsterhusius
1961 3244 2227 3313 praeclare
2262 3242 2540 3299 divinaret.

465 3346 599 3399 quae
633 3329 743 3383 sive
763 3329 954 3384 menda
967 3329 1077 3384 fuit
1093 3329 1378 3384 scribentis
1397 3330 1508 3384 sive
1524 3329 1849 3384 recensentis
1869 3329 2141 3397 correctiO,
2157 3329 2305 3384 nullo
2321 3346 2540 3386 numero

463 3415 700 3486 putanda
733 3417 817 3470 est
831 3414 1134 3485 frustraque
1151 3416 1187 3472 J
1187 3416 1450 3471 acobitius
1486 3432 1603 3470 eam
1618 3416 1735 3470 loco
1762 3415 2081 3471 defendebat
2116 3416 2286 3471 alieno
2304 3417 2541 3472 Pseudo-

462 3501 696 3571 platonis
732 3501 1008 3557 Alcibiade
1033 3502 1095 3556 II
1127 3519 1180 3572 p.
1204 3505 1320 3568 150,
1357 3503 1426 3556 G:
1461 3501 1566 3569 τὴν
1598 3499 2031 3574 μεγαλοψυχίαν·
2066 3502 2232 3556 τοῦτο
2269 3501 2376 3572 γὰρ
2413 3499 2540 3556 κάλ-

464 3584 652 3640 λιστον
697 3587 811 3639 τῶν
857 3585 915 3639 ἐν
964 3585 1254 3662 ἀφροσύνῃ
1304 3608 1364 3659 γε
1413 3585 1724 3657 ὀνομάτων.
1891 3595 1986 3641 καὶ
2019 3586 2264 3657 μαλακία
2298 3588 2455 3645 ΑΨΡ
2487 3592 2544 3645 et

462 3673 690 3731 fortasse
723 3675 862 3736 RQ„
904 3681 999 3727 καὶ
1032 3674 1066 3742 ἦ
1098 3673 1344 3743 μαλακία
1384 3675 1482 3726 ΟΩ
1527 3677 1584 3728 et
1616 3694 1664 3730 v.
1826 3671 1934 3727 ἄλλ’
1977 3671 2116 3728 ἅττα
2159 3675 2393 3738 ΨΩΩςΡ,
2446 3672 2541 3729 ἅλ-

464 3758 635 3813 Mna
670 3760 737 3823 A,
789 3757 928 3813 ἄλλα
965 3758 1103 3814 ἅττα
1137 3762 1188 3817 R
1222 3765 1278 3816 et
1309 3781 1357 3827 v,
1409 3757 1544 3814 ἄλλα
1584 3759 1721 3814 ἅττα
1757 3761 1907 3816 abcd.
2067 3760 2418 3829 ὑπομείνειεν
2453 3759 2540 3830 ἄν]

465 3844 796 3915 enemim?
835 3845 903 3901 ἂν
941 3850 1003 3899 0.

602 3937 689 3990 29.
764 3933 836 3991 ὡς
872 3929 933 3987 δὲ
968 3935 1096 3988 libri
1143 3937 1199 3989 et
1243 3935 1322 3989 sic
1355 3936 1414 3989 in
1448 3935 1826 3991 exclamatione
1860 3934 2071 4004 saepius
2104 3934 2299 4005 incipit
2330 3934 2541 3992 Aristo-

464 4021 667 4090 phanes
704 4016 910 4090 (Equit.
946 4039 995 4076 v.
1032 4024 1135 4078 269
1171 4021 1273 4087 bis,
1318 4023 1479 4092 Vesp.
1517 4040 1567 4076 v.
1605 4021 1746 4090 636),
1793 4037 1900 4075 non
1943 4021 2074 4075 item
2116 4021 2401 4089 Lucienus,
2448 4024 2542 4094 qui

466 4106 627 4162 etiam
660 4106 720 4160 in
753 4107 979 4176 geminis
1015 4107 1146 4162 locis
1182 4109 1249 4162 D.
1285 4110 1440 4163 Deor.
1478 4108 1606 4174 ΧΠ,
1640 4111 1675 4164 2
1710 4107 1800 4163 fin.
1839 4109 1897 4162 et
1928 4108 2241 4163 Hermotim.
2281 4108 2313 4176 ἐ
2348 4111 2417 4167 59
2454 4128 2540 4165 so-

465 4194 576 4247 lum
613 4191 685 4249 ὡς
716 4193 896 4248 habet.
969 4210 1128 4264 quare
1164 4195 1220 4248 et
1265 4212 1361 4263 ego
1407 4194 1476 4248 ad
1510 4195 1577 4250 D.
1616 4195 1772 4249 Deor.
1809 4211 1861 4263 p.
1897 4196 1966 4250 29
2010 4196 2069 4248 et
2102 4195 2336 4250 Cobetus
2370 4198 2437 4251 V.
2461 4178 2535 4252 'L.

466 4297 518 4349 p.
555 4281 661 4335 223
694 4280 748 4334 h.
785 4280 822 4334 l.
864 4278 936 4337 ὥς
972 4277 1117 4337 λεῖος
1154 4275 1209 4334 εἶ
1250 4281 1585 4350 conjecimus.
1656 4283 1714 4337 et
1745 4282 1804 4335 in
1837 4280 1955 4351 ipso
1988 4280 2346 4352 Aristophane
2377 4283 2540 4353 Vesp.

465 4384 513 4421 v.
553 4366 684 4422 642:
722 4363 869 4420 ὥσθ’
911 4356 1073 4424 οὗτος
1106 4362 1214 4434 ἤδη
1257 4363 1637 4437 σκορδινᾶται,
1686 4367 1783 4422 ubi
1817 4364 1890 4425 ὥς
1925 4363 1976 4420 δ’
2018 4357 2180 4426 οὗτος
2214 4369 2341 4424 olim
2373 4369 2542 4439 scrip-
