3099 5241
526 372 671 443 172
1330 400 1792 454 ΛοτΚιΑΝοτ

520 593 691 646 nove
769 567 1032 658 ἡβηδὸν
1113 567 1417 656 οἰμώζειν
1491 578 1793 656 ποιῆσαι.
1926 573 2154 641 ΕΡΜ.
2248 574 2597 660 μηδαμῶς,

523 669 769 762 ὦγαθέ·
832 674 908 740 οὐ
969 673 1094 763 γὰρ
1149 672 1394 751 πάντες
1449 676 1614 742 εἰσὶν
1673 673 2028 760 ἐπιτήδειοι
2072 675 2241 762 πρὸς
2285 676 2599 767 οἰμωγήν.

523 776 654 844 ἀλλ’
700 782 776 844 ἔα
821 775 901 844 τὰ
953 778 1173 868 ὀργίλα
1217 785 1426 845 ταῦτα
1470 780 1579 844 καὶ
1621 778 2045 866 μειρακιώδη,
2093 782 2202 845 καὶ
2238 779 2358 847 τὸν
2380 780 2607 848 Πλοῦ-

520 907 643 950 τον
694 881 1059 968 παράλαβε.
1155 881 1340 949 οὗτοι
1385 882 1730 969 ἀπόβλητά
1776 891 1910 950 ἐστι
1952 882 2033 950 τοὶ
2082 885 2254 970 δῶρα
2297 882 2380 951 τὰ
2425 884 2606 970 παρὰ

521 994 638 1054 τοῦ
688 983 871 1061 Διὸς.
970 987 1335 1054 ΠΛΟΥΤ.
1414 984 1661 1073 βούλει,
1712 984 1760 1054 ὦ
1819 988 2070 1073 Τίμων,
2119 988 2609 1078 δικαιολογήσο-

521 1116 649 1177 μαι
701 1088 869 1176 πρὸς
927 1092 1038 1170 σε’,
1105 1088 1148 1173 ἢ
1209 1090 1595 1178 χαλεπανεῖς
1638 1116 1759 1176 μοι
1802 1093 2050 1179 λέγοντι
2065 1118 2092 1172 ,·
2170 1093 2371 1158 TIM.
2443 1094 2603 1181 λέγε,

521 1192 621 1280 μή
667 1191 889 1279 μακροὶ
941 1194 1174 1277 μέντοι
1216 1193 1393 1278 μηδὲ
1434 1192 1605 1277 μετὰ
1652 1196 2045 1280 προοιμίων,
2099 1196 2314 1281 ὥσπερ
2361 1200 2424 1261 οἱ
2468 1195 2611 1261 ἐπί-

523 1321 782 1381 τριπτοι
847 1294 1139 1383 ῥήτορες·
1214 1295 1530 1383 ἀνέξομαι
1593 1295 1718 1386 γάρ
1790 1323 1861 1363 σε
1930 1296 2112 1387 ὀλίγα
2179 1300 2446 1387 λέγοντα
2504 1297 2608 1364 διὰ

391 1418 492 1472 150
526 1397 640 1469 τόν
676 1398 940 1486 Ἑρμῆν
983 1400 1267 1466 τουτονί.
1363 1402 1468 1466 38.
1529 1400 1575 1442 ⁹¹¹⁴
1620 1401 1988 1469 HAOYT.
2056 1407 2246 1490 ἐχρῆν
2288 1408 2417 1488 μὲν
2462 1406 2611 1477 ἴσως

526 1505 633 1571 καὶ
697 1502 916 1591 μακρὰ
990 1507 1197 1570 εἰπεῖν
1258 1501 1472 1593 [πρὸς]
1537 1506 1707 1571 οὕτω
1767 1504 1977 1572 πολλοὶ
2034 1504 2169 1572 ὑπὸ
2232 1515 2349 1573 σοῦ
2411 1530 2612 1592 κατη-

528 1732 824 1788 Mercurius
862 1730 1083 1785 Plutum
1125 1730 1345 1799 jubetur
1376 1730 1445 1785 ad
1478 1732 1514 1786 J
1515 1748 1664 1786 ovem
1699 1732 1993 1797 ,reducerefl
2066 1750 2223 1803 quam
2256 1734 2614 1789 reductionem

528 1820 705 1891 poscit
738 1819 900 1873 etiam
945 1834 1044 1872 vox
1079 1816 1144 1871 de
1179 1834 1342 1872 eursu
1374 1818 1644 1887 reciproco
1679 1819 1934 1887 legitima,
1982 1817 2362 1889 παλίνδρομος
2398 1817 2610 1887 (παλιν-

533 1904 769 1976 δρομεῖν
803 1907 860 1959 et
896 1902 1304 1973 ἐπανέρχεσθαι
1339 1921 1632 1973 synonyma
1667 1908 1797 1959 sunt
1830 1906 1889 1959 in
1923 1906 2187 1961 Abdicato
2224 1906 2380 1975 §32).
2453 1924 2613 1976 quum

531 1994 701 2063 igitur
737 1991 1050 2056 ,reducendi‘
1087 1991 1301 2045 notione
1330 1991 1486 2061 plane
1517 1991 1609 2045 hic
1639 2009 1769 2061 opus
1802 1993 1889 2057 sit,
1924 2010 2019 2063 pro
2054 1995 2159 2048 isto
2195 1996 2618 2045 ΑΠΑΓΑΓΩΝ

533 2080 732 2134 dudum
768 2095 865 2148 ego
901 2079 1102 2132 correxi
1135 2080 1577 2130 ΕΠΑΝΑΓΩΝ.
1655 2078 1749 2132 sed
1784 2080 1949 2133 altero
1998 2082 2208 2134 tantum
2240 2081 2370 2135 vitio
2406 2082 2612 2135 sublato

533 2166 770 2222 Cobetus
806 2167 871 2221 V.
910 2166 972 2220 L.
1008 2182 1061 2234 p.
1098 2167 1204 2220 223
1248 2165 1444 2235 aliique
1489 2182 1586 2235 pro
1635 2163 1935 2235 ἀπαγαγών
1982 2168 2321 2236 conjecerunt
2365 2165 2609 2236 ἀπάγων.

532 2256 748 2312 frustra.
820 2268 943 2306 nam
974 2252 1078 2305 hoe
1112 2252 1345 2316 verbum,
1382 2251 1524 2321 quod
1558 2268 1719 2323 supra
1755 2252 1809 2321 (ξ
1827 2255 1895 2308 32
1931 2254 2061 2308 init:
2097 2255 2203 2306 ποῖ’
2231 2252 2433 2307 τοῦτον
2469 2251 2612 2306 ἀπά-

533 2339 698 2411 γειςς)
745 2340 881 2393 bene
917 2355 976 2392 se
1009 2339 1190 2404 habet,
1235 2340 1293 2391 in
1326 2342 1569 2393 nostrum
1615 2340 1652 2394 1.
1688 2340 1767 2393 ita
1809 2340 2017 2394 demum
2052 2341 2277 2404 caderet,
2324 2342 2373 2394 si
2406 2341 2616 2410 Jupiter

533 2429 693 2497 vulgo
727 2426 944 2480 habitus
980 2428 1124 2479 esset
1157 2441 1253 2495 pro
1289 2425 1513 2495 quodam
1548 2443 1792 2497 paupere.
1936 2424 2127 2479 ἰκανὸν
2161 2417 2249 2493 ἦν,
2274 2425 2612 2493 -ποιῆοαι]

534 2512 908 2569 Hemsterhusi
944 2511 1327 2580 conjecturam:
1367 2508 1575 2574 ἰκανὸν,
1616 2510 1685 2580 ἢν
1702 2541 1770 2549 ——
1800 2512 2017 2579 ποιήσω
2054 2517 2332 2583 propterea
2362 2513 2616 2583 improbo,

536 2603 661 2674 quia
690 2600 749 2656 id
785 2598 926 2671 quod
959 2598 1050 2653 hic
1086 2602 1316 2670 optatur,
1371 2599 1615 2655 effectum
1661 2600 1814 2654 reddi
1858 2617 1966 2655 non
2011 2603 2205 2671 potest.
2279 2617 2402 2656 eave
2444 2604 2615 2656 mutes

536 2690 856 2759 scripturam
890 2687 1162 2741 librorum.
1320 2686 1390 2738 τὰ
1430 2684 1623 2756 ὀργίλα
1670 2693 1764 2739 καὶ
1808 2684 2158 2755 μειρακιώδη
2197 2688 2370 2740 ταῦτα
2410 2691 2473 2740 Ο.

539 2771 831 2844 ἀπόβλητά
867 2771 982 2827 ἐστι
1016 2773 1394 2830 AowsmsPR
1428 2790 1549 2828 oum
1586 2775 1813 2828 Homero
1851 2775 1920 2829 Jl.
1957 2772 2021 2843 γ’,
2058 2778 2141 2839 65,
2181 2771 2473 2843 ἀπόβλητά
2512 2769 2617 2828 εἶσι

536 2861 654 2917 edd.
704 2863 828 2916 ante
861 2860 1243 2915 Lehmannum.
1402 2855 1902 2930 δικαιολογήσομαι
1948 2861 2077 2915 libri
2123 2864 2179 2914 et
2220 2862 2378 2916 verbo
2427 2858 2619 2930 βούλει

537 2945 766 3018 (θέλεις)
802 2948 1066 3003 Futurum
1113 2962 1321 3016 quoque
1368 2947 1638 3001 interdum
1671 2947 1937 3001 Lucianus
1987 2947 2273 3001 subnectit.
2344 2949 2619 3003 Hemster-

535 3035 725 3091 husius
760 3037 940 3089 tamen
972 3034 1170 3104 aliique
1214 3033 1422 3088 malunt
1458 3029 1989 3103 δικαιολογήσωμαι,
2041 3032 2285 3088 fortassis
2319 3037 2478 3089 recte.

535 3122 677 3194 πρὸς
715 3118 832 3189 σές]
875 3123 1112 3190 praestat
1143 3117 1286 3189 πρός
1323 3138 1414 3189 063
1567 3120 1694 3174 libri
1726 3117 2089 3186 χαλεπαίνεις.
2163 3120 2259 3174 sed
2290 3123 2434 3176 recte
2452 3122 2620 3176 Cobe-

536 3212 629 3263 tus
663 3208 730 3262 V.
768 3207 830 3262 L.
879 3223 932 3276 p.
970 3208 1100 3261 223:
1145 3203 1484 3273 χαλεπανεῖς.
1646 3206 1835 3275 μακρὰ
1883 3206 1982 3262 AO
1994 3206 2355 3273 PfisssPRYa,
2399 3208 2622 3276 μακρὰν

537 3295 643 3350 bed
675 3297 733 3350 et
765 3294 1046 3363 pleraeque
1082 3292 1199 3347 edd.
1236 3298 1360 3348 ante
1395 3294 1875 3348 Hemsterhusium.
1948 3293 2068 3347 vide
2104 3293 2137 3360 ξ
2165 3296 2234 3350 38
2269 3294 2390 3349 init.
2464 3296 2622 3349 etiam

538 3382 598 3436 in
631 3380 867 3435 Luciam>
901 3394 1058 3448 saepo
1103 3380 1335 3433 variatur
1380 3377 1558 3449 λέγειν
1592 3380 1782 3449 μακρὰ
1831 3383 1888 3435 et
1932 3378 2173 3448 μακράν,
2228 3381 2309 3435 ita
2351 3383 2529 3435 tamen
2559 3384 2624 3435 ut

540 3467 729 3538 optimi
761 3465 889 3520 libri
922 3464 1121 3534 ubique
1155 3465 1388 3521 habeant
1421 3464 1630 3534 μακρά.
1705 3484 1801 3537 per
1835 3485 1893 3521 se
1929 3468 2090 3521 etiam
2105 3466 2241 3521 illud
2258 3467 2482 3521 atticum
2511 3471 2622 3522 est:

537 3553 615 3622 μὴ
653 3551 878 3621 μακρὰν
915 3548 1055 3621 λέγι,
1093 3555 1158 3606 ut
1190 3552 1331 3621 apud
1363 3553 1777 3624 Aristophanem
1813 3554 2132 3624 Thesmoph.
2168 3572 2214 3609 v.
2236 3556 2366 3610 382:
2401 3553 2625 3624 μακρὰν

541 3640 689 3694 ἔοικε
726 3636 922 3701 λέξειν.
996 3655 1259 3708 nusquam
1291 3642 1473 3694 tamen
1507 3642 1587 3695 ita
1620 3641 1905 3707 Lucienus,
1959 3641 2053 3710 qui
2085 3642 2203 3694 sine
2238 3640 2416 3711 ellipsi
2450 3640 2625 3696 dicere

539 3729 701 3810 solyt:
756 3725 921 3795 ῥῆσίν
966 3745 1090 3779 τινα
1138 3725 1363 3794 μακρὰν
1396 3723 1589 3797 λέγειν.
1753 3747 1811 3781 σε
1851 3724 2008 3798 ὀλίγα
2056 3723 2303 3797 λέγοντα]
2346 3723 2503 3797 ὀλίγα
2536 3723 2623 3779 λέ-

537 3812 709 3885 γοντά
748 3833 806 3867 σε
844 3812 969 3882 (hoe
1004 3811 1208 3881 ordine)
1244 3812 1381 3882 legit
1413 3813 1718 3868 scholiasta.
1853 3812 2064 3882 Ἑρμῆν
2081 3813 2174 3869 ΑΟ
2184 3813 2416 3875 men,
2445 3811 2623 3883 Ἑρμῆ

539 3903 589 3954 Ω
621 3899 865 3970 (diserte)
903 3902 959 3955 et
993 3899 1111 3955 edd.
1149 3903 1278 3955 vett.

678 3990 763 4044 38.
835 4003 944 4041 non
978 3986 1191 4053 Plutus,
1237 3989 1300 4041 ut
1332 3986 1369 4041 1.
1405 3990 1591 4042 nostro
1628 3985 1784 4057 (quae
1818 4004 1903 4042 res
1939 3987 2122 4042 eodem
2154 3985 2332 4055 redit),
2379 3986 2475 4041 sed
2508 3988 2624 4041 Πι-

540 4076 633 4128 νία
669 4074 767 4128 dea
798 4077 1052 4144 tanquam
1097 4067 1271 4128 eoram
1311 4073 1490 4143 judioe
1537 4090 1754 4130 eausam
1802 4074 1934 4128 dicit
1973 4075 2033 4127 in
2065 4073 2341 4143 Aristoph.
2377 4073 2538 4129 Pluto
2573 4090 2622 4127 v.

538 4164 642 4219 467
680 4178 794 4232 sqq.
932 4160 1061 4215 libri
1096 4159 1261 4231 ἐχρῆν
1289 4162 1486 4228 μέντοι
1520 4160 1650 4217 ἴσως
1684 4189 1769 4212 --.
1845 4177 1941 4229 ego
1975 4161 2034 4215 in
2070 4160 2313 4227 Quaestt.
2363 4161 2425 4215 L.
2462 4160 2626 4215 Prae·

539 4249 634 4305 fat.
672 4266 724 4320 p.
760 4248 1005 4305 xxvm
1039 4252 1102 4305 ut
1134 4247 1252 4302 fieri
1286 4248 1539 4317 oportuit,
1578 4246 1743 4316 ἐχρῆν
1774 4247 1877 4316 μὲν
1913 4247 2040 4304 ἴσως
2073 4246 2359 4302 emendavi.
2496 4246 2626 4300 libri

543 4333 687 4392 οὕτω
723 4332 904 4390 πολλὰ
936 4363 1023 4389 -.
1097 4335 1196 4391 sed
1225 4332 1370 4403 apoc
1415 4332 1560 4387 οὕτω
1605 4331 1787 4388 πολλά
1831 4334 2099 4404 praeclare
2149 4334 2378 4389 correxit
2421 4335 2624 4434 pfimus
