3099 5241
1324 447 1825 504 PEDESTRIBUS.
2468 444 2620 500 CVII

526 627 845 711 plectitur.
928 625 1114 702 Quod
1160 645 1355 710 supra
1400 625 1538 689 dixi
1582 643 1996 689 numerorum
2032 624 2371 688 inventum
2402 608 2619 686 W

531 732 784 796 circiter
850 731 1041 795 annis
1106 730 1560 816 permansisse,
1625 728 1924 793 brevitati
1983 727 2393 792 serviendum
2449 731 2615 791 erat:

528 855 630 901 res
689 836 863 900 enim
920 837 1010 899 ita
1066 855 1135 900 se
1192 834 1399 899 habet.
1499 834 1968 915 Rhythmorum
2027 833 2252 897 notitia
2287 833 2616 917 ipsorum,

531 959 695 1024 quos
753 940 1265 1021 Thrasymachus
1333 939 1589 1002 videtur
1654 938 1823 1003 solos
1891 936 2293 1019 adhibuisse,
2361 936 2617 1001 duobus

529 1048 644 1107 aut
730 1044 940 1108 tribus
1016 1048 1162 1126 post
1235 1044 1640 1107 inventorem
1717 1041 1993 1105 saeculis
2071 1040 2410 1105 obscurata
2490 1041 2641 1105 cito>

529 1149 830 1211 evanuit:
911 1168 1188 1232 quorum
1272 1148 1344 1210 in
1424 1146 1641 1210 locum
1708 1147 1954 1210 metrici
2018 1145 2212 1230 pedes
2278 1144 2618 1210 succedere

530 1256 892 1335 coeperunt.
985 1251 1108 1318 Sed
1178 1251 1482 1336 qnoniam
1551 1251 1808 1314 numeri
1875 1254 1938 1314 et
2003 1254 2204 1314 metra
2267 1250 2339 1312 in
2408 1269 2617 1313 unum

529 1354 910 1439 plerumque
953 1357 1171 1421 locum
1216 1357 1644 1420 conveniunt:
1703 1354 1799 1418 illi
1845 1364 2103 1438 quoque
2148 1358 2447 1436 oratoreS,
2505 1353 2618 1437 qui

529 1464 729 1524 metra
773 1465 1028 1525 tantum
1073 1480 1205 1524 non
1251 1461 1403 1525 item
1450 1479 1752 1523 numeros
1797 1459 2116 1542 tenebant,
2157 1462 2327 1523 recte
2372 1458 2616 1522 censeri

528 1569 801 1647 possunt
861 1566 986 1629 alio
1050 1563 1327 1649 quodam
1382 1564 1574 1628 m'odo
1627 1564 1699 1626 in
1757 1583 1893 1628 rem
1938 1583 2123 1627 suam
2165 1562 2616 1643 Thrasymachi

528 1669 868 1734 inventum
942 1666 1349 1734 convertisse.
1462 1668 1541 1732 In
1616 1669 1793 1732 hunc
1866 1687 2135 1732 censum
2198 1668 2334 1751 jam
2405 1668 2618 1751 graeci

530 1772 775 1856 aliquot
837 1774 1118 1838 rhetores
1185 1774 1459 1838 veniunt
1523 1778 1599 1837 ut
1653 1754 2010 1854 Dionysius
2067 1771 2616 1854 HalicarnasseuS,

531 1878 646 1960 qui
690 1877 1067 1962 ubicunque
1111 1877 1561 1943 Demosthenis
1606 1886 1669 1942 et
1712 1877 1980 1941 aliorum
2026 1895 2328 1941 numeros
2371 1876 2616 1941 solvere

530 1986 819 2064 conatur,
886 1983 1023 2067 ipse
1083 1988 1449 2048 constanter
1502 1983 1571 2047 in
1628 1987 1832 2046 metra
1892 1982 2184 2045 dissolvit
2224 1981 2424 2065 idque
2469 1981 2616 2045 data

529 2105 719 2170 opera
784 2086 864 2150 ab
922 2107 990 2152 se
1047 2087 1187 2153 fieri
1245 2087 1575 2171 profitetur
1628 2085 1726 2151 De
1789 2085 2080 2170 Compos
2127 2085 2320 2151 Verb.
2376 2105 2440 2170 p.
2486 2087 2614 2152 218

530 2189 703 2256 Sch.:
766 2197 903 2254 πᾶν
968 2187 1185 2274 ὄνομα
1248 2191 1351 2254 καὶ
1398 2192 1583 2274 ῥῆμα
1629 2228 1713 2236 —
1762 2192 1833 2252 ἐν
1876 2192 2116 2275 ῥυθμῷ
2161 2213 2287 2253 τινι
2332 2189 2611 2274 λέγεται·

528 2289 617 2358 τὸ
676 2291 738 2358 δ’
792 2291 993 2359 αὐτὸ
1042 2300 1252 2359 καλώ
1299 2291 1521 2359 abda
1569 2295 1701 2357 καὶ
1749 2288 2115 2378 ῥυθμόν.
2209 2293 2422 2359 Latini
2464 2314 2616 2359 vero

530 2399 887 2483 scriptores,
954 2405 1028 2464 ut
1096 2399 1331 2483 Cicero,
1397 2405 1472 2465 ut
1526 2399 1968 2476 Quintilianus
2035 2399 2332 2482 quamvis
2399 2398 2616 2463 crebro

530 2503 700 2568 sicut
744 2503 969 2568 Graeci
1027 2498 1335 2587 431135201'19
1392 2505 1481 2568 ita
1538 2505 1666 2588 ipsi
1728 2503 2064 2586 ,numeros‘
2121 2508 2617 2568 commemorent

530 2611 593 2676 et
664 2628 738 2673 eo
813 2609 1073 2674 nomine
1148 2630 1217 2675 se
1284 2608 1530 2675 soleant
1587 2609 1854 2692 jactare:
1931 2607 2093 2672 nihil
2158 2612 2371 2673 tamen
2438 2607 2616 2673 aliud

532 2711 756 2777 dicunt
809 2715 934 2778 nisi
994 2714 1189 2798 pedes
1247 2715 1564 2779 metricos.
1580 2714 1636 2796 *)
1728 2712 2018 2789 Quorum
2063 2733 2366 2777 mensura
2410 2733 2616 2797 quum

527 2816 717 2900 longe
783 2819 1012 2882 certior
1076 2820 1160 2884 sit
1227 2840 1421 2903 quam
1487 2838 1937 2884 numerorum:
2019 2837 2281 2884 necesse
2360 2822 2457 2882 est
2522 2818 2615 2881 sic

531 2940 793 3005 quoque
852 2924 1202 2990 orationem
1260 2944 1519 2989 manere
1574 2942 2000 2988 numerosam.
2089 2921 2257 2987 Nam
2313 2924 2409 3003 (ut
2455 2922 2615 2988 bene

531 3024 746 3090 Cicero
812 3026 854 3089 l.
924 3028 965 3090 l.
1038 3048 1090 3094 c.
1152 3028 1265 3114 53)
1332 3049 1519 3094 aures
1593 3029 1951 3093 naturalem
2019 3028 2343 3111 quandam
2409 3028 2480 3091 in
2548 3046 2616 3092 se

531 3130 863 3196 continent
908 3152 1139 3198 vocum
1194 3137 1485 3199 omnium
1541 3134 1958 3198 mensionem.
2053 3130 2237 3208 Quod
2281 3131 2362 3195 ad
2407 3131 2614 3195 fontes

526 3254 789 3318 graecos
842 3238 1135 3320 pertinet,
1197 3237 1488 3304 Ciceroni
1541 3240 1613 3302 in
1670 3237 1993 3321 ,Oratore‘,
2057 3243 2131 3301 ut
2176 3236 2614 3313 Quintilianus

529 3338 647 3422 IX,
691 3340 757 3422 4,
805 3341 886 3407 79
956 3346 1224 3407 testatus
1289 3349 1406 3427 est,
1476 3343 1986 3426 ,eminentissimi
2055 3341 2484 3424 Graecorum‘,
2551 3345 2614 3405 et

530 3447 607 3508 ut
660 3442 734 3508 Ο.
790 3444 1069 3512 Jahnius
1135 3447 1406 3533 (Proleg.
1475 3469 1532 3532 p.
1579 3449 1666 3513 22
1721 3447 1819 3512 ed.
1877 3449 2039 3529 tert.)
2106 3447 2396 3529 conjecit,
2463 3465 2612 3510 cum

527 3549 870 3614 Aristotele
927 3550 1397 3637 Theophrastus
1452 3555 1650 3619 duces
1706 3553 1969 3628 fuerunt
2020 3552 2362 3636 praecipui.
2450 3550 2613 3615 Tum

533 3650 993 3740 Quintilianus,
1074 3658 1189 3741 qui
1256 3657 1578 3724 Ciceronis
1646 3659 1841 3723 duces
1908 3662 2075 3722 certo
2142 3661 2426 3739 noverat,
2493 3657 2615 3720 etsi

531 3759 774 3824 accedit
829 3760 901 3823 iu
958 3764 1281 3848 plerisque
1328 3763 1640 3847 Ciceroni,
1690 3768 1909 3829 tamen
1963 3781 2095 3826 non
2153 3766 2405 3826 tantum
2461 3760 2615 3825 sub-

669 3967 725 4038 *)
774 3968 962 4024 Graeci
1012 3987 1201 4025 vocem
1250 3969 1499 4039 ἇριθμός
1542 3971 1600 4026 et
1651 3970 1718 4025 de
1767 3969 1913 4025 veris
1964 3969 2240 4040 rhythmis
2292 3972 2499 4040 ponunt
2551 3974 2614 4025 ut

530 4055 849 4112 Aristoteles
885 4056 943 4110 in
980 4057 1197 4114 Rhetor.
1232 4057 1336 4125 HI,
1374 4064 1433 4117 9:
1487 4056 1741 4126 ἀριθμὸν
1787 4058 1897 4126 ἔχει
1943 4058 1975 4127 ἦ
1999 4122 2005 4127 .
2031 4058 2090 4111 ἐν
2124 4057 2415 4127 περιόδοις
2449 4057 2608 4122 λέξις,

530 4145 586 4197 et
619 4143 685 4198 de
720 4143 925 4213 metriS,
961 4145 1026 4199 ut
1057 4144 1202 4198 idem
1239 4144 1444 4198 ibidem
1477 4145 1637 4212 paulo
1672 4147 1843 4213 posta·
1871 4146 2125 4216 ἀριθμὸν
2161 4147 2271 4215 ἔχει
2305 4146 2373 4200 τὰ
2411 4150 2608 4215 μέτρα,

533 4221 576 4298 ᾧ
613 4235 919 4299 μετρεῖται.
995 4232 1069 4284 Αι
1101 4230 1267 4285 latina
1302 4243 1413 4286 vox
1448 4233 1742 4301 ,numerus‘
1779 4233 1846 4287 ad
1893 4232 2146 4289 metricos
2192 4234 2402 4287 tantum
2450 4233 2612 4301 pedes

529 4318 761 4372 refertur
806 4319 917 4372 tam
966 4318 1245 4385 poetarum
1288 4319 1375 4387 (ut
1408 4335 1577 4387 quum
1612 4318 1793 4374 Plauti
1831 4336 2100 4391 ,numeros
2134 4320 2464 4377 innumeros‘
2501 4319 2612 4377 dici

532 4403 804 4477 videmus)
840 4407 960 4459 tum
996 4405 1159 4463 etiam
1194 4406 1475 4463 oratorum.
1880 4399 1885 4404 ¹
