3099 5241
551 371 709 426 XLII
1049 368 1285 425 PROLE
1291 368 1596 426 GOMENA
1646 368 1747 424 AD
1800 369 2197 425 LUCIANUM.

555 550 651 610 tot
699 544 941 609 eximiis
988 545 1195 610 scenis
1243 543 1543 609 distincto
1591 543 1895 626 quidnam
1938 543 2006 606 in
2051 544 2419 609 universum
2458 545 2634 629 judi-

557 648 890 713 cabimus?
978 666 1053 713 ac
1108 647 1420 714 Gervinus
1481 647 1738 730 quidem
1798 646 2257 729 (Shakespeare
2301 649 2412 727 IV,
2479 651 2635 734 168)

557 774 751 834 quum
811 753 884 816 de
947 770 1020 817 eo
1079 748 1359 817 dubitari
1416 751 1703 830 vidisset,
1746 750 1870 815 hoc
1915 751 2048 834 egit
2090 755 2164 816 ut
2200 752 2448 835 justam
2496 773 2632 820 esse

557 856 951 938 tragoediam
1018 856 1380 921 ostenderet
1445 852 1755 936 probante
1823 855 2100 919 Bindero
2165 874 2227 937 p.
2290 855 2390 922 25.
2481 877 2635 924 num

557 962 755 1042 igitur
797 960 1151 1042 periculum
1196 963 1332 1024 erat
1377 978 1455 1022 ne
1502 958 1643 1041 quis
1688 959 1810 1024 hoc
1857 959 2076 1023 drama
2128 960 2195 1024 in
2241 963 2633 1027 comoediam

559 1066 769 1126 subito
834 1065 1342 1129 transmutaret?
1442 1064 1637 1127 immo
1698 1081 1825 1127 non
1869 1063 2031 1127 illud
2078 1065 2420 1146 quaeritur,
2466 1065 2635 1146 quod

559 1170 837 1248 adparet,
895 1187 1052 1232 num
1110 1168 1195 1232 sit
1251 1167 1601 1250 tragoedia,
1658 1167 1771 1231 sed
1824 1166 1965 1245 hoc,
2024 1169 2190 1249 quod
2253 1187 2379 1234 non
2434 1171 2634 1250 patet,

559 1274 765 1352 qualis
824 1271 1055 1337 haecce
1113 1271 1442 1354 tragoedia
1497 1271 1811 1335 censenda
1882 1271 1984 1334 sit.
2072 1289 2294 1336 vereor
2340 1273 2633 1338 enim'ne

561 1380 623 1438 et
667 1378 799 1456 ipse
845 1375 1160 1442 Gervinus
1205 1379 1270 1441 et
1313 1375 1358 1440 1.
1392 1375 1438 1440 1.
1464 1375 1703 1438 Binder
1727 1374 1984 1441 Goethii
2031 1377 2416 1441 sententiam
2464 1378 2634 1461 (‚den

559 1479 926 1560 Ausspruch
970 1478 1265 1558 GoetheS‚
1312 1480 1423 1544 der
1467 1479 1697 1544 Timon
1742 1478 2206 1562 Shakespeares
2252 1482 2344 1544 sei
2387 1500 2508 1546 nur
2532 1483 2634 1546 ein

557 1584 912 1647 komisches
959 1582 1190 1666 Sujet‘)
1235 1602 1462 1665 parum
1505 1586 1676 1648 recte
1724 1583 2010 1648 adsecuti
2055 1585 2203 1662 sint,
2264 1603 2455 1666 quam
2499 1604 2635 1651 rem

561 1686 868 1750 Goethius
914 1687 995 1751 ad
1037 1687 1407 1769 primariam
1450 1705 1787 1768 personam
1832 1687 2119 1752 Timonis
2162 1689 2364 1770 ipsius
2409 1691 2633 1754 referri

559 1792 778 1856 voluit.
866 1809 1015 1854 nam
1062 1791 1348 1857 Timonis
1391 1809 1660 1872 persona
1703 1809 1900 1872 quum
1944 1792 2110 1873 apud
2155 1795 2401 1858 veteres
2435 1794 2634 1858 comi-

561 1914 685 1970 cos,
753 1895 1086 1960 historicos
1156 1899 1220 1958 et
1279 1895 1810 1978 epigrammatum
1881 1895 2219 1977 scriptores
2278 1897 2467 1981 plane
2534 1901 2644 1962 est·

563 2000 823 2076 comica,
891 2002 1030 2063 tum
1099 1999 1294 2063 etiam
1352 1998 1419 2062 in
1481 1999 1750 2064 Luciani
1825 2003 2060 2077 satura,
2128 2018 2320 2082 quam
2392 1999 2632 2065 Shake-

561 2102 840 2182 spearius
885 2102 1118 2183 partim
1163 2105 1418 2167 secutus
1465 2106 1582 2180 est,
1640 2104 1862 2168 eadem
1904 2122 2019 2186 per
2063 2122 2130 2168 se
2175 2105 2380 2169 multo
2426 2105 2633 2188 magis

561 2208 803 2270 comica
860 2209 958 2271 est
1014 2209 1078 2270 et
1136 2207 1412 2286 satirica,
1467 2225 1661 2288 quam
1704 2207 1826 2271 ulli
1869 2210 2019 2289 apta
2063 2209 2450 2292 tragoediae.
2538 2209 2633 2274 ita

561 2310 1011 2392 Shakespeario
1069 2310 1416 2375 verendum
1472 2314 1627 2389 erat,
1684 2329 1766 2375 ne
1823 2311 1987 2377 sorte
2044 2311 2398 2376 Lucianum
2442 2313 2633 2378 nimis

561 2416 934 2494 exprimeret
977 2414 1242 2503 ideoque
1286 2433 1399 2496 pro
1444 2432 1595 2479 vera
1639 2415 1969 2498 tragoedia
2013 2434 2215 2498 genus
2269 2416 2632 2480 comoediae

561 2520 767 2582 simile
815 2521 1003 2600 atque
1048 2518 1104 2582 si
1147 2536 1308 2582 novo
1351 2517 1543 2583 verbo
1589 2519 1900 2583 utendum
1946 2522 2064 2599 est,
2132 2520 2631 2602 comicotragoe-

561 2624 729 2686 diam
775 2623 1100 2705 scripsisse
1146 2622 1478 2688 diceretur.
1570 2622 1984 2705 quamobrem
2006 2624 2274 2689 Luciani
2299 2625 2632 2690 Timonem

559 2728 820 2790 minime
864 2729 1075 2792 totum
1121 2727 1450 2808 expressit,
1496 2728 1610 2791 sed
1651 2726 1818 2793 hanc
1860 2746 2196 2809 personam
2219 2729 2446 2792 incude
2469 2747 2633 2794 nova

559 2833 663 2895 vel
723 2830 991 2896 maxime
1047 2830 1325 2896 disfinxit
1384 2850 1583 2912 eoque
1640 2850 1924 2896 summus
1991 2832 2105 2896 ille
2159 2833 2348 2913 poeta
2405 2831 2631 2910 effecit,

559 2939 631 2999 ut
677 2937 743 2999 in
787 2935 1227 3017 Shakespearii
1271 2935 1603 3018 tragoedia
1647 2935 1847 3016 ipsius
1879 2954 2150 3017 persona
2174 2936 2459 3000 Timonis
2481 2953 2631 3016 prae

561 3041 785 3105 ceteris
828 3040 1149 3105 laudanda
1194 3039 1298 3103 sit.
1387 3039 1604 3120 itaque
1646 3038 1816 3104 haud
1862 3038 2013 3117 scie,
2060 3057 2142 3103 an
2190 3038 2445 3104 Goethii
2468 3040 2632 3104 illud

561 3145 801 3207 dictum
844 3144 1104 3209 minime
1149 3142 1234 3208 sit
1278 3142 1681 3207 invidiosum.
1771 3160 1922 3208 nam
1965 3143 2123 3207 mihi
2166 3144 2423 3225 quidem
2463 3142 2630 3207 Goe-

561 3249 731 3311 thius
799 3248 997 3326 tacito
1063 3246 1449 3313 concessisse
1514 3246 1795 3325 videtur,
1873 3250 1946 3311 ut
2012 3247 2295 3312 Timonis
2362 3264 2632 3328 persona

561 3371 705 3415 vere
751 3351 994 3434 tragica
1039 3352 1356 3429 existeret,
1402 3350 1468 3414 id
1512 3350 1701 3414 unius
1727 3349 2168 3431 Shakespearii
2212 3351 2465 3433 ingenio
2514 3351 2628 3414 ad-

561 3455 839 3519 mirabili
882 3454 1177 3519 effectum
1230 3473 1386 3519 esse.

561 3613 813 3679 principe.
885 3627 1106 3680 quorum
1149 3609 1345 3675 nullus,
1392 3613 1456 3665 ut
1502 3610 1703 3681 opinor,
1754 3610 2011 3679 cogitavit
2058 3609 2499 3679 Shakespearium
2545 3608 2630 3663 vel

561 3697 838 3751 Plutarchi
887 3697 973 3751 sui
1024 3697 1340 3751 auctoritate
1391 3696 1471 3766 (ut
1520 3700 1726 3751 taceam
1778 3698 1844 3751 de
1890 3696 2133 3764 Libanio)
2186 3698 2426 3750 coactum
2459 3694 2629 3749 fuisse

563 3785 892 3838 Alcibiadem
925 3783 1160 3838 Timonis
1194 3784 1352 3837 rebus
1386 3783 1698 3838 immiscere.
