3099 5241
624 454 749 520 122
909 460 926 477 ·
1435 451 1896 505 ΛοῬΚιΑΝοφ

615 622 927 692 κλωπεύει
989 621 1025 690 6
1081 626 1407 715 γεννάδας
1460 637 1928 723 παρεσελθών·
2000 637 2123 725 μία
2184 616 2308 717 γὰρ
2355 617 2554 685 αὐτοῦ
2604 639 2715 704 καὶ

616 730 782 814 αὕτη
849 735 986 795 τῶν
1043 740 1302 819 τεχνῶν.
1400 737 1436 805 6
1500 740 1562 806 δ’
1612 739 1737 809 οὗν
1793 741 2223 830 ἐλευθεριάζει
2277 734 2444 823 πρὸς
2497 727 2710 813 ἡμᾶς,

617 833 728 902 καὶ
770 841 978 901 ταῦτα
1024 838 1088 909 ἐξ
1127 835 1433 921 ἡμισείας
1476 843 1798 972 ἡμέτερος
1842 849 1956 917 ὤν.
2051 851 2113 916 2.
2205 840 2521 912 ΚΛΩΘ.
2616 835 2716 911 τίς

618 939 689 1007 δὲ
746 937 946 1018 οἶδεν,
1010 933 1075 1005 ὦ
1105 939 1379 1028 Χάρων,
1446 953 1513 1016 εἴ
1560 978 1657 1027 τις
1686 940 1982 1043 ἀσχολία
2040 952 2452 1038 προσέπεσεν
2506 944 2710 1030 αὐτῷ,

614 1051 731 1112 τοῦ
778 1040 938 1119 Διὸς
996 1043 1106 1110 ἐπὶ
1163 1051 1368 1116 πλεόν
1426 1053 1787 1139 δεηθέντος
1843 1055 2359 1147 ἀποχρήσασθαι
2416 1048 2585 1137 πρὸς
2630 1046 2713 1115 τὰ

617 1174 753 1215 ανω
818 1144 1223 1238 πράγματα,·
1291 1154 1620 1245 δεσπότης
1687 1161 1758 1227 δὲ
1825 1158 2114 1237 κάκεῖνός
2181 1167 2377 1227 ἐστιν.
2474 1157 2708 1224 ΧΑΡ.

618 1253 754 1320 ἀλλ’
808 1253 923 1343 οὐχ
981 1255 1165 1335 ὥστε,
1234 1254 1281 1324 ὦ
1329 1262 1635 1344 Κλωθοῖ,
1698 1268 1867 1353 πέρα
1912 1274 2029 1334 τοῦ
2075 1266 2325 1352 μέτρου
2358 1259 2717 1340 δεσπῡζδιν

615 1368 836 1428 κοινοῦ
897 1357 1255 1446 κτήματος,
1320 1369 1461 1434 ἐπεὶ
1509 1368 1665 1439 ,οὐδ’
1715 1369 1909 1456 ἡμεῖς
1959 1397 2124 1437 ποτε
2170 1366 2398 1448 αὐτὸν,
2448 1365 2718 1434 ἀπιέναι

619 1464 794 1545 δέον,
858 1463 1372 1555 κατεσχήκαμεν.
1468 1472 1601 1540 ἀλλ’
1655 1473 1775 1564 ἐγώ
1833 1475 1980 1542 οἶδα
2040 1470 2165 1560 τήν
2212 1474 2447 1540 αἰτίαν.
2542 1468 2707 1555 παρ’

616 1567 783 1656 ἡμῖν
839 1573 969 1656 μὲν
1024 1570 1148 1658 γάρ
1210 1572 1574 1661 ἀσφόδελος
1625 1577 1847 1664 μόνον
1904 1582 2011 1645 καὶ
2069 1605 2212 1668 χοαι
2273 1603 2380 1645 και
2424 1573 2710 1643 πόπανα

617 1675 724 1742 καί
770 1676 1202 1765 ἐναγίσματα,
1250 1678 1332 1746 τά
1371 1681 1432 1747 δ’
1472 1681 1633 1748 ἄλλα
1670 1683 1865 1771 ζόφος
1902 1711 2007 1751 και
2043 1683 2271 1772 ὁμίχλη
2308 1682 2415 1748 καὶ
2453 1677 2707 1752 σκότος·

618 1786 686 1847 ἐν
756 1779 827 1846 δὲ
890 1787 978 1867 τῷ
1048 1776 1302 1872 οὐρανῷ
1369 1785 1611 1873 φαιδροὶ
1680 1787 1905 1855 πάντα
1976 1788 2084 1854 καὶ
2141 1789 2187 1872 ἥ
2245 1814 2317 1853 τε
2376 1783 2713 1872 ἀμβροσία

618 1882 824 1969 πολλῆ
872 1885 977 1950 καὶ
1021 1911 1097 1951 το
1146 1889 1369 1975 νέκταρ
1418 1890 1763 1977 ἄφθονον·
1815 1897 1979 1961 ὥστε
2015 1892 2206 1977 ἥδιον
2245 1916 2382 1977 παρ
2444 1890 2714 1961 ἐκείνοις

616 1989 969 2079 βραδύνειν
1002 1994 1187 2058 ἔοικε.
1259 1997 1366 2060 καὶ
1399 1995 1561 2082 παρ’
1590 1996 1781 2082 ἡμῶν
1809 2004 1938 2084 μ’ὲν
1977 1996 2353 2074 ἀνίπταταὶ,
2404 1992 2714 2078 καθάπερ

622 2201 793 2257 affro&
832 2203 942 2270 (om
976 2200 1100 2272 τὸν)
1136 2218 1182 2255 a·
1380 2204 1691 2276 παρελθών
1729 2208 1920 2263 ΦΑΩΕ
1953 2211 2009 2263 et
2042 2225 2098 2277 v,
2147 2207 2242 2261 Sed
2279 2202 2590 2274 παρελθὼν
2625 2217 2714 2256 om

621 2290 736 2349 211).
811 2288 1171 2358 corruptelam
1218 2288 1382 2345 latere
1430 2293 1574 2349 vidit
1620 2295 1785 2350 etiam
1829 2296 2062 2350 Cobetus
2111 2294 2199 2363 (V.
2235 2292 2299 2347 L.
2337 2310 2387 2362 p.
2428 2291 2572 2361 145),
2620 2287 2711 2343 oui
2760 2356 2773 2375 ι

513 2410 528 2429 .
619 2394 727 2432 non
772 2377 997 2431 debebat
1030 2376 1356 2448 περιελθών
1403 2377 1463 2432 in
1508 2385 1745 2436 mentem
1792 2384 1993 2438 venire.
2077 2383 2244 2437 immo
2291 2381 2358 2434 de
2406 2379 2523 2432 fure
2576 2375 2714 2430 clam

620 2464 925 2518 introeunte
961 2464 1223 2519 usitatum
1260 2466 1346 2520 est
1380 2473 1874 2538 παρεισέρχειθαι.
1933 2470 2118 2539 itaque
2141 2485 2315 2522 meam
2352 2465 2713 2534 conjecturam

620 2550 995 2622 παρεσελθών
1044 2552 1240 2622 recepi.
1332 2569 1555 2623 prorsus
1607 2555 1753 2609 idem
1809 2557 2010 2643 vitium
2062 2555 2193 2610 alibi
2246 2570 2316 2607 ex
2367 2552 2508 2623 ipsis
2557 2549 2710 2605 codd.

623 2641 972 2708 correximu8‚
1007 2640 1161 2694 velut
1192 2640 1251 2694 in
1289 2640 1438 2696 Gallo
1474 2657 1519 2701 c.
1545 2648 1615 2702 28
1651 2646 1705 2698 et
1739 2644 1804 2698 Ι).
1841 2645 2054 2701 Meretr.
2091 2643 2221 2712 XII,
2257 2649 2308 2700 3.
2381 2639 2576 2710 adtigit
2607 2639 2712 2693 hoc

622 2745 792 2799 genus
837 2727 1167 2783 confusionis
1212 2727 1602 2785 Boissonadius
1649 2732 1716 2786 ad
1756 2732 2016 2787 Philostr.
2053 2731 2187 2801 Epp.
2224 2748 2275 2800 p.
2316 2733 2433 2788 149.
2609 2728 2711 2795 μία

622 2818 728 2889 γὰρ
777 2824 869 2870 καὶ
920 2813 1054 2883 αὕτη
1103 2816 1216 2869 τῶν
1250 2817 1454 2884 τεχνῶν
1492 2818 1663 2873 αὐτοῦ
1701 2819 1766 2889 ἳῐ,
1813 2824 1915 2889 μιά
1961 2821 2067 2891 γὰρ
2109 2817 2254 2886 αὐτῷ
2293 2826 2387 2871 καὶ
2427 2814 2562 2880 αὕτη
2602 2814 2714 2868 τῶν

622 2906 826 2973 τεχνῶν
864 2908 933 2957 Φ.
1114 2902 1143 2956 ὁ
1187 2902 1241 2956 δ’
1267 2895 1387 2972 οὖν]
1428 2901 1518 2958 ὅδ’
1544 2905 1645 2959 οὐκ
1681 2908 1731 2960 Α
1765 2910 1820 2961 et
1857 2908 1957 2962 οὐκ
1994 2907 2113 2978 (pro
2152 2896 2275 2976 οὖν)
2312 2904 2478 2959 etiam
2514 2902 2571 2956 C.

623 2992 798 3047 ταῦτα
836 3007 923 3046 om
960 2989 1019 3044 Ω.

762 3083 814 3138 2.
885 3082 943 3133 τι·
989 3074 1049 3131 δὲ
1101 3074 1259 3136 οἶδας
1307 3077 1450 3137 QlAF
1482 3081 1537 3135 et
1581 3081 1700 3134 edd.
1739 3098 1922 3136 omnes
1968 3083 2091 3137 ante
2123 3080 2512 3146 Lehmannum,
2559 3080 2618 3129 τι·
2653 3072 2711 3127 δι’

627 3166 783 3222 οἶσθ’
824 3165 892 3234 D,
927 3169 1034 3219 ποῖ
1067 3161 1127 3218 δὲ
1167 3163 1326 3224 οἶδας
1361 3171 1414 3218 Φ
1450 3166 1548 3235 (ita
1587 3169 1680 3234 Φ).
1754 3167 2007 3222 Sti-uvius
2045 3168 2129 3240 (L.
2167 3167 2229 3221 L.
2266 3183 2318 3235 p.
2343 3164 2474 3233 216)
2511 3176 2713 3232 egoque

626 3254 753 3326 (Qu.
790 3253 852 3307 L.
890 3270 941 3322 p.
979 3251 1106 3321 293)
1147 3253 1271 3320 jure
1306 3253 1693 3322 dubitavimus,
1742 3271 1874 3308 num
1923 3253 2079 3314 οἶδας
2112 3272 2206 3325 pro
2243 3254 2407 3309 attico
2447 3251 2619 3307 οἶσθα
2656 3250 2713 3302 in

625 3342 745 3410 ipso
777 3340 1019 3394 Luciano
1054 3339 1331 3393 ferendum
1368 3340 1459 3395 sit.
1532 3343 1588 3394 et
1632 3341 1725 3395 hic
1769 3341 1989 3410 quidem
2021 3344 2140 3412 ipsa
2173 3342 2434 3397 librorum
2474 3337 2714 3394 omnium

624 3427 987 3497 interpunctio
1026 3426 1192 3480 scribi
1220 3427 1392 3495 jubet,
1428 3429 1491 3481 ut
1526 3427 1659 3482 olim
1692 3429 1976 3497 proposui:
2015 3434 2103 3487 εἰς’
2129 3426 2188 3482 δὲ
2229 3426 2385 3482 οἶδεν
2417 3447 2518 3497 -3
2555 3426 2713 3494 atque

626 3516 809 3585 ipsum
859 3515 992 3567 hoc:
1045 3517 1126 3570 τίς
1175 3511 1228 3566 δ’
1278 3512 1433 3567 οἶδεν
1483 3511 1538 3567 εἰ
1581 3545 1647 3554 -
1694 3514 1897 3584 legitur
1942 3516 2000 3567 in
2048 3514 2218 3568 nostri
2256 3515 2367 3568 Vit.
2419 3515 2580 3567 Auct.
2629 3516 2712 3578 27,

627 3601 787 3671 Soph.
823 3601 1006 3669 Antig.
1044 3605 1167 3670 521,
1216 3600 1673 3669 Eurip.·Polyido
1710 3601 1853 3680 apud
1889 3617 1974 3654 me
2010 3601 2076 3654 ad
2112 3588 2279 3653 A'rist.
2316 3600 2449 3654 Ran.
2485 3617 2539 3654 v.
2581 3602 2712 3657 1477

625 3706 679 3758 p.
704 3693 808 3747 443
832 3689 889 3741 et
912 3687 1144 3756 saepiuS.
1195 3687 1347 3741 velut
1382 3688 1441 3741 in
1465 3687 1597 3742 Luc.
1623 3687 1818 3757 Navig.
1843 3692 1913 3746 26
1937 3690 2047 3742 est:
2083 3691 2164 3745 τίς
2197 3688 2304 3758 γὰρ
2344 3685 2516 3750 οἶδεν,
2560 3681 2614 3741 εἰ
2632 3714 2714 3736 —-.

628 3777 692 3831 cf.
717 3775 901 3830 Horat.
928 3773 1097 3828 Carm.
1123 3773 1221 3843 IV,
1248 3779 1297 3843 7,
1325 3779 1419 3833 17:
1458 3776 1600 3844 ,quis
1638 3776 1744 3829 scit
1778 3791 1847 3828 an
1881 3774 2116 3828 adiciant
2150 3774 2278 3827 -‘?
2455 3770 2717 3827 ἐπιπλέον

626 3864 691 3917 Α.
844 3860 1332 3932 1ἀποχρήσασθαι]
1384 3861 1532 3929 αὐτῷ
1585 3862 2020 3931 ἀποχρήσασθαι
2068 3860 2186 3919 ἳῐῩ.
2383 3858 2554 3932 ἐστὶν]
2605 3858 2716 3912 ἐστὶ

627 3951 677 4004 Α
713 3950 810 4020 (ita
844 3948 934 4021 A).
1125 3949 1264 4004 ὥστε
1314 3947 1562 4007 21<1>A9F
1605 3951 1661 4003 et
1707 3966 1762 4017 v,
1815 3945 1932 4006 οἷός
1978 3969 2038 4003 τε
2088 3948 2156 4017 D,
2210 3948 2386 4006 οὕτως
2434 3946 2542 4001 TV.
2698 3939 2709 3954 ⁸

627 4042 834 4107 μέτρου
884 4035 1082 4094 ἩΦΑΩ
1129 4038 1184 4091 et
1226 4054 1279 4105 v,
1325 4040 1555 4105 μετρίου
1594 4036 1638 4090 F
1685 4035 1848 4090 solue.
1932 4034 2060 4090 vide
2112 4051 2249 4104 quae
2296 4035 2415 4088 dixi
2463 4034 2530 4088 ad
2576 4032 2715 4087 Dial.

627 4124 782 4180 Deor.
819 4123 1039 4191 XV1‚.1
1078 4140 1130 4192 p.
1167 4129 1237 4181 36
1273 4123 1355 4176 ed.
1391 4123 1547 4191 prim.
1729 4119 1858 4176 οὔδ’
1900 4122 1951 4181 21
1985 4124 2042 4176 et
2074 4140 2129 4191 vg
2167 4120 2300 4176 οὐδὲ
2339 4119 2545 4180 ΦΑΟΡ.

622 4214 758 4267 ποτὲ
786 4210 980 4285 αὖτὸν]
1006 4212 1142 4265 ποτὲ
1171 4208 1303 4264 οὖδὲ
1333 4205 1503 4264 αὐτὸν
1526 4212 1593 4279 A,
1627 4210 1784 4279 quasi
1810 4209 2106 4264 voluisset:
2136 4208 2409 4264 οὗδέποτε
2438 4206 2610 4261 αὐτὸν
2633 4237 2714 4259 -.

622 4301 758 4354 ποτὲ
822 4299 1048 4353 ἀπιέναι
1098 4296 1228 4353 δέον
1277 4297 1450 4352 αὐτὸν
1501 4296 1563 4351 F.
1778 4295 2095 4366 ἀσφοδελὸς
2143 4298 2209 4351 Α.
2424 4294 2482 4349 ἐν
2530 4291 2591 4348 δὲ
2640 4294 2715 4361 τῷ

626 4385 869 4456 οὐρανῷ]
922 4385 981 4440 ἐν
1028 4383 1089 4441 δὲ
1135 4389 1252 4444 τοῖς
1303 4384 1418 4439 ἅνω
1467 4390 1537 4438 Φ.
1744 4384 2068 4454 ἀμβροσίως
2114 4400 2179 4453 pr
2211 4400 2268 4436 m
2301 4384 2367 4437 A.
2580 4379 2718 4434 ὥστε
2748 4399 2763 4420 ·

624 4471 791 4543 ἥδιον
827 4472 998 4543 ἓῐΦΑ,
1039 4471 1178 4528 ὥστε
1216 4494 1318 4543 μοι
1352 4470 1520 4542 ἥδιον
1557 4470 1690 4543 ΠΩ)
1717 4472 1771 4525 et
1809 4488 1859 4525 v.
2039 4474 2222 4526 ἔοικεν
2257 4488 2304 4525 a.
2483 4467 2713 4524 ἐπειδὰν
