3099 5241
1297 431 1776 489 DEMONAOTIS.
1818 416 1824 421 ’
1923 494 1924 497 Ν
2434 433 2578 488 xm

660 605 990 671 Antonius
1036 607 1098 672 S.
1136 608 1263 673 170
1308 605 1475 690 Περὶ
1522 605 1786 695 διδαχῆς
1830 632 1887 672 κ.
1937 633 1996 672 τ.
2049 608 2104 671 λ.
2159 629 2219 694 p.
2254 610 2403 693 278,
2454 610 2572 675 10:

490 712 558 773 αἱ
599 706 728 792 μὲν
788 749 872 758 -
936 706 1227 779 ἀλυπίαν,
1280 732 1427 777 cum
1473 715 1596 778 hoc
1637 714 1962 778 lemmate:
2029 712 2444 792 ‚Mose-hinnis
2488 716 2569 779 al.

486 813 938 880 Demonactis‘.
990 815 1157 882 ’θοὰ
1192 818 1513 883 Arsenius
1558 818 1656 882 ed.
1700 815 1874 885 Gottt
1908 817 1960 899 Ι,
2005 820 2162 885 600:
2213 820 2280 881 αἱ
2322 821 2451 902 μὲν
2489 857 2572 867 —-

488 915 790 1007 ᾇλυπιάν.
887 918 1360 1003 Δημώνακτος.
1455 924 1547 986 At
1591 922 2003 1007 ,Demophilo‘
2051 927 2196 1008 post
2250 923 2407 988 alios
2461 926 2574 988 tri-

483 1023 630 1087 buit
676 1023 949 1090 Orellius
993 1026 1024 1090 I
1082 1047 1143 1112 Ρ.
1193 1028 1231 1093 8
1280 1014 1452 1093 Βὲῐιῐ.
1499 1028 1589 1094 40
1646 1028 1812 1093 male
1870 1027 2120 1112 legens:
2183 1065 2267 1074 —
2327 1027 2572 1111 σημαί-

486 1151 710 1193 νουσιν
755 1126 944 1212 ἡμῖν,
998 1134 1058 1194 οἱ
1105 1129 1174 1195 δὲ
1219 1112 1602 1216 φιλοσοφίας
1646 1127 1823 1217 λόγοι
1867 1127 1992 1213 τῆν
2039 1127 2344 1197 ἀλυπίαν.
2413 1145 2418 1149 ’

669 1337 1011 1403 Τοσοῦτον
1072 1341 1159 1413 εἷς
1215 1336 1455 1425 ἀρετήν
1511 1328 1944 1426 προσθήσεις,
1997 1340 2160 1406 ὅσον
2206 1336 2290 1404 ἄν
2334 1337 2570 1428 ὑφέλῃς

483 1448 610 1507 τῶν
656 1440 942 1526 ἡδονῶν.
1516 1462 1533 1535 ζ

584 1544 598 1593 l
654 1550 986 1615 Antonius
1031 1550 1092 1615 S.
1146 1551 1179 1615 1
1242 1548 1411 1632 Περὶ
1468 1548 1622 1634 Ιὁίὀυ
1681 1546 1919 1636 ἀρετῆς
1963 1549 2068 1613 καὶ
2114 1547 2337 1626 κακίας
2396 1572 2457 1636 Ρ.
2506 1552 2569 1634 6,

487 1652 567 1718 19
592 1666 633 1716 τ’
675 1660 1000 1719 τοσοῦτον
1055 1694 1139 1703 -
1198 1652 1460 1736 ἡδονῶν
1516 1675 1668 1719 cum
1730 1656 1851 1719 hoc
1915 1655 2243 1720 lemmate:
2317 1654 2569 1739 ,Demo-

483 1759 726 1823 nactis‘.
818 1759 1062 1825 Eodem
1106 1760 1293 1825 modo
1338 1759 1752 1844 Florilegium
1794 1759 1967 1845 Lips.
1998 1781 2061 1845 p.
2100 1761 2181 1825 12
2227 1760 2325 1825 ed.
2352 1760 2564 1826 West:

482 1859 950 1945 Δημώνακτος.
1045 1869 1367 1928 τοσοῦτον
1412 1903 1496 1912 -
1537 1862 1822 1946 ἡδονῶν.

1436 1968 1613 2032 XIII.

656 2069 950 2159 Αἰσχρόν
995 2076 1062 2137 ὲν
1107 2075 1236 2156 μὲν
1282 2070 1494 2147 ἄλλοις
1541 2070 1987 2161 ἀποδέχεσθαι
2030 2070 2147 2148 τὰς
2187 2069 2443 2158 ἀρετᾶς,
2496 2077 2567 2138 ἐν

482 2178 736 2248 ἑαυτοῖς
772 2175 853 2241 ’δὲ
880 2174 1056 2265 ,ἔχειν
1102 2174 1218 2250 τὰς
1263 2176 1506 2250 κακίας.
1990 2219 2000 2230 ·

654 2272 982 2348 An'tonius
1050 2282 1112 2348 S.
1164 2284 1197 2348 1
1267 2303 1329 2367 p.
1378 2284 1436 2365 6,
1503 2283 1619 2348 21:
1691 2279 1954 2369 αἰσχρὸν
2020 2283 2149 2365 μὲν
2216 2286 2282 2347 ἐν
2353 2279 2566 2355 ἄλλοις

480 2381 620 2466 (sic)
668 2423 752 2432 —
796 2386 1019 2460 κακίας
1076 2392 1219 2472 post
1278 2388 1478 2451 alium
1535 2388 1753 2453 locum
1802 2387 2269 2471 ,Demonaotis‘.
2362 2386 2556 2479 Floii-

476 2487 720 2573 legium
763 2490 934 2575 ΗΡΘ..
982 2513 1042 2576 Ρ.
1094 2493 1205 2557 12:
1263 2498 1382 2555 τοῦ
1430 2489 1629 2556 αὐτοῦ
1680 2492 2019 2577 (praecedit
2063 2489 2554 2575 Δημώνακτος).

356 2590 365 2607 “
481 2593 743 2681 αἰσχρὸν
788 2599 913 2680 μὲν
962 2601 1027 2661 ἐν
1076 2594 1287 2671 ἄλλοις
1333 2598 1468 2680 (sic)
1515 2636 1598 2645 —-
1645 2597 1889 2671 κακίας.

663 2802 837 2877 Τούς
913 2812 1043 2870 τῶν
1124 2803 1441 2889 σωμάτων
1508 2807 2090 2891 ἐπιμελουμένους,
2177 2811 2422 2870 ἑαυτῶν
2493 2804 2558 2870 δὲ

480 2903 887 2989 ἀμελοῦντας
935 2908 1251 2990 ὠνείδιζεν
1300 2909 1383 2985 ὡς
1426 2918 1553 2976 τῶν
1591 2915 1720 2996 μὲν
1752 2914 1941 2976 οἴκων
1975 2910 2556 2994 ἐπιμελουμένους,

480 3017 611 3075 τῶν
658 3010 728 3076 δὲ
772 3013 1039 3079 ἐνοίκων
1082 3013 1510 3099 ἀμελοῦντας.

651 3118 978 3185 Antonius
1035 3121 1097 3186 S.
1152 3122 1185 3187 1
1245 3111 1415 3206 Ρ.’6,
1460 3123 1576 3187 23:
1637 3119 1791 3194 τοὺς
1843 3126 1974 3185 τῶν
2019 3159 2102 3168 --·
2151 3117 2559 3204 ἀμελοῦντας

476 3226 622 3304 post
681 3222 811 3287 duo
869 3225 1045 3290 locos
1103 3225 1567 3309 ‚Demonactis‘.
1653 3227 2068 3312 Florilegium
2110 3225 2281 3311 Lips.
2329 3246 2391 3310 Ρ.
2443 3226 2555 3290 12:
2663 3265 2716 3302 ,-

474 3332 590 3412 τοῆ
656 3325 855 3392 αὐτοῦ
919 3331 1261 3414 (praecedit
1304 3327 1797 3415 Δημώνακτος).
1890 3329 2044 3405 τούς
2088 3336 2215 3394 τῶν
2262 3367 2346 3378 --
2392 3327 2559 3412 ἀμε-

473 3430 769 3504 λοῦντας.
897 3432 1274 3500 Demonacti
1348 3437 1506 3501 haec
1585 3436 1883 3502 tribuunt
1959 3437 2150 3501 etiam
2230 3434 2558 3499 Maximus

477 3527 813 3601 Cohfessor
855 3538 905 3622 Ι,
949 3539 1035 3606 49
1082 3545 1144 3605 et
1186 3541 1502 3607 Arsenius
1545 3564 1606 3627 p.
1656 3543 1776 3608 191
1827 3541 1925 3605 ed.
1972 3540 2177 3606 Walz.

1440 3646 1583 3711 XV.

649 3744 992 3811 Δείκνυσιν
1066 3745 1108 3832 ἡ
1178 3751 1303 3833 μὲν
1369 3745 1582 3834 τροπή
1651 3746 1770 3814 τὸν
1836 3747 1975 3813 κατ’
2046 3745 2369 3831 ἀλήθειαν
2437 3747 2555 3813 ἀν-

476 3844 713 3931 δρεῖον,
764 3847 804 3932 ἦ
855 3850 926 3916 δὲ
971 3850 1194 3941 ἆτυχία
1240 3852 1358 3919 τόν
1401 3851 1754 3938 φρόνι,ιι-ον.
2553 3863 2558 3868 ’

524 4011 537 4028 ,
644 3955 973 4023 Antonius
1005 3959 1065 4025 S.
1093 3960 1218 4026 148
1252 3957 1422 4042 Περὶ
1464 3957 1759 4047 εὐτυχίας
1804 3959 1907 4022 καὶ
1948 3956 2285 4045 δυστυχίας
2315 3980 2377 4043 Ρ.
2403 3961 2554 4043 238,

472 4060 591 4124 24:
663 4058 982 4127 δείκνυσιν
1026 4100 1112 4111 -
1156 4062 1318 4128 κατὰ
1367 4060 1692 4147 ἀλήθειαν
1735 4103 1819 4112 -
1865 4061 2191 4148 φρόνιμον
2239 4084 2388 4128 cum
2431 4065 2555 4128 hoc

470 4164 803 4233 lemmate:
870 4168 1331 4249 ,Demonactis‘.
1424 4169 1770 4256 [Continuo
1830 4169 2151 4255 praecedit
2191 4171 2374 4235 locus
2419 4191 2552 4234 am-

472 4267 733 4353 bigmm,
801 4293 994 4357 quem
1053 4276 1323 4357 nesciaS,
1390 4281 1609 4340 utrum
1668 4275 2049 4340 Moschioni.
2085 4276 2271 4340 datus
2330 4276 2413 4339 sit
2468 4295 2551 4338 an

471 4371 877 4464 Demonacti,
961 4379 1135 4444 huno
1198 4380 1414 4446 locum
1481 4380 1622 4445 dico
1702 4402 1762 4465 Ρ.
1819 4380 1969 4464 238,
2037 4382 2151 4446 22:
2244 4377 2420 4444 Οὔτε
2489 4381 2552 4442 οἱ
